3187 5105
573 492 696 552 288
787 502 937 550 THE
967 500 1344 551 REGISTER
1367 500 1463 550 OF
1493 499 1982 549 ARCHBISHOP
2011 498 2340 548 WALTER
2370 497 2736 550 GIFFARD.

237 689 434 731 ornos.
454 687 503 729 of
567 662 647 726 of
676 663 985 726 Thomas
1033 661 1122 724 de
1176 660 1672 743 Romundeby,
1725 659 2145 736 subdeacon,
2200 668 2274 721 to
2327 658 2447 721 the
2498 659 2770 722 church
2835 659 2930 722 os

241 739 488 790 “⁰manb5'·
570 749 1066 831 Everingham,
1101 767 1190 810 on
1225 748 1343 810 the
1374 746 1851 829 presentation
1885 744 1963 808 of
2010 742 2125 808 Sir
2154 744 2388 808 Adam
2422 746 2510 808 de
2543 746 2909 828 Evering-

564 838 751 901 ham.
844 835 1301 898 Archdeacon
1335 834 1626 897 ordered
1656 843 1730 896 to
1760 832 2020 895 induet.

240 940 435 981 Londes-
653 921 1210 987 DCCCLXXII.
1260 921 1425 983 Kal.
1451 920 1647 997 Maii,
1675 939 1862 983 anno
1894 919 2316 1001 supradictO,
2345 919 2542 1003 (May
2582 940 2635 996 1,
2673 926 2904 1001 1275)-

237 1005 377 1082 Ᾱιῗζὲ
393 1021 443 1080 gf
566 1010 973 1072 Admission
1007 1008 1086 1071 of
1108 1008 1341 1071 David
1372 1010 1459 1070 de
1493 1008 1946 1070 Pauntesber’
1981 1017 2054 1069 to
2084 1006 2203 1068 the
2237 1006 2492 1069 church
2520 1006 2600 1069 of
2620 1007 2903 1069 Lones-

240 1091 382 1181 ”3²2⁶
402 1091 458 1173 ‘¹2³
565 1096 792 1179 burgh
856 1116 945 1159 on
1000 1096 1119 1159 the
1178 1096 1656 1177 presentation
1717 1092 1795 1156 of
1849 1092 1964 1155 Sir
2024 1093 2385 1175 Reginald
2439 1093 2590 1156 Fitz
2657 1093 2899 1157 Peter.

235 1143 431 1243 {23:³⁶⁸
566 1183 984 1266 Inquisition
1018 1182 1327 1246 ordered.

236 1291 473 1382 ffofflgfm·
653 1281 1249 1346 DCCCLXXIII.
1367 1301 1398 1343 2
1450 1281 1607 1345 idus
1678 1280 1872 1356 Dec„
1927 1278 2121 1363 (Dec.
2182 1279 2304 1364 12).
2417 1278 2899 1342 Archdeacon

240 1393 485 1433 inductum.
566 1370 856 1434 ordered
886 1380 959 1433 to
991 1370 1229 1432 induet
1274 1368 1591 1431 William
1628 1369 1693 1430 le
1727 1367 2041 1445 Botellir,
2074 1367 2234 1443 clk.,
2269 1377 2418 1430 into
2471 1368 2591 1429 the
2622 1367 2894 1430 church

566 1455 646 1519 of
666 1456 1053 1533 Brunnum,
1086 1466 1158 1518 to
1188 1456 1415 1518 which
1463 1457 1553 1517 he
1599 1456 1742 1517 had
1796 1456 1972 1516 been
2027 1455 2330 1516 collated
2384 1456 2482 1538 by
2533 1454 2652 1516 the
2687 1455 2897 1516 arch-

567 1543 771 1606 bisho
828 1594 842 1608 .

238 1645 511 1734 Rfexi'ocation
664 1564 846 1709 1273.
937 1629 1088 1691 The
1129 1628 1383 1691 official
1433 1627 1512 1691 of
1533 1629 1652 1691 the
1694 1628 2127 1690 archdeacon
2181 1627 2473 1690 ordered
2518 1636 2593 1689 to
2647 1627 2899 1691 induet

234 1710 261 1733 ⁰
298 1702 315 1735 t
346 1708 371 1735 ⁶
391 1708 523 1736 ‘ame‘
562 1717 683 1780 the
714 1717 1042 1798 chaplain
1075 1714 1155 1778 of
1174 1717 1293 1778 the
1322 1716 1560 1796 parish
1587 1714 1667 1778 of
1690 1715 2051 1777 Brunnum
2077 1735 2155 1777 as
2182 1714 2550 1777 Boteller's
2581 1724 2891 1795 proctor.

565 1803 937 1866 Induction
970 1803 1271 1865 revoked
1301 1804 1441 1864 and
1473 1804 1591 1865 the
1622 1803 1879 1865 church
1912 1801 2212 1864 collated
2244 1821 2325 1864 as
2355 1800 2626 1863 follows
2651 1826 2762 1862 :—

236 1896 462 1986 593125‘30
494 1895 544 1936 ⁰f
656 1910 687 1952 2
723 1891 863 1952 kal.
901 1890 1159 1962 Martii,
1195 1909 1381 1951 anno
1414 1889 1813 1971 supradicto
1845 1898 1914 1951 et
1945 1887 2394 1969 pontificatus
2426 1888 2647 1950 nostri
2669 1907 2889 1963 none,

234 1948 460 2047 Assbilii'ge
492 2002 539 2037 to
567 1976 759 2059 (Feb.
827 1981 928 2053 28,
1002 1975 1285 2060 1274-5).
1377 1976 1644 2039 Burton
1695 1977 1899 2058 juxta
1959 1975 2439 2037 Beverlacum.
2530 1973 2671 2051 W.,
2730 1987 2891 2050 ete„

234 2046 482 2139 Ῐέξξζῗῖζῗ
495 2047 544 2087 ⁰¹
566 2064 819 2127 dilecto
844 2064 914 2126 in
937 2063 1164 2127 Cristo
1183 2062 1348 2139 filio,
1371 2064 1709 2144 magistro
1728 2062 2090 2125 Willelmo
2110 2063 2196 2124 de
2219 2062 2584 2145 Axebrig',
2607 2062 2891 2138 clerice,

235 2148 393 2189 ¹¹⁰¹m⁰·
566 2171 721 2213 cum
753 2151 1237 2214 benedictione
1269 2151 1570 2232 gratiam
1604 2161 1674 2213 et
1707 2151 2024 2212 salutem.
2119 2149 2498 2211 Probitatis
2533 2149 2785 2211 merita
2819 2161 2890 2212 et

566 2256 834 2301 morum
887 2238 1112 2314 decor,
1161 2237 1414 2319 quibus
1459 2256 1761 2318 persona
1818 2246 1942 2299 tua
1995 2236 2443 2298 laudabiliter
2489 2235 2890 2311 decoratur,

564 2325 769 2388 nobis
840 2325 1085 2387 merito
1147 2325 1570 2386 induxerunt
1633 2322 1979 2399 affectum,
2040 2333 2116 2385 ut
2179 2332 2267 2399 te,
2324 2341 2532 2404 quem
2583 2322 2888 2404 dignum

561 2412 1011 2487 dinoscimus,
1042 2410 1277 2473 favore
1310 2411 1596 2493 speciali
1628 2410 2120 2473 benivolentiae
2168 2428 2689 2490 presequamur.
2774 2410 2884 2473 Ut

561 2499 777 2581 igitur
829 2497 1152 2562 affectum
1203 2509 1517 2562 nostrum
1579 2499 1938 2561 evidenter
1996 2516 2366 2581 agnoscaS,
2431 2505 2499 2558 et
2561 2506 2889 2560 nostram

559 2586 1108 2649 benivolentiam
1133 2586 1263 2648 tibi
1305 2586 1570 2649 sentias
1612 2584 2055 2661 fructuosam,
2099 2584 2470 2647 ecclesiam
2517 2584 2605 2646 de
2651 2584 2889 2646 Brun-

559 2693 724 2736 num
752 2674 957 2756 juxta
988 2672 1288 2749 Wartre,
1323 2675 1413 2736 ad
1436 2683 1749 2735 nostram
1775 2672 2222 2734 collationem
2249 2680 2709 2753 spectantem,
2746 2673 2883 2734 tibi

557 2759 975 2823 conferimus
1052 2760 1305 2823 intuitu
1368 2760 1698 2833 caritatis,
1778 2769 1985 2841 teque
2046 2767 2383 2822 rectorem
2447 2758 2890 2821 instituimus

558 2848 893 2910 canonice
955 2847 1025 2908 in
1088 2847 1355 2920 eadem,
1403 2848 1532 2909 has
1582 2847 1709 2909 tibi
1766 2847 2036 2909 litteras
2085 2845 2304 2908 nostri
2359 2845 2576 2926 sigilli
2629 2846 2889 2908 robore

558 2934 1026 2997 communitas
1058 2933 1129 2995 in
1160 2933 1637 2996 testimonium
1670 2933 2152 2997 concedentes,

232 3027 506 3117 §semaam
648 3031 1234 3097 DCCCLXXIV.
1338 3054 1401 3094 11
1440 3032 1581 3094 kal.
1615 3031 1805 3110 Julii,
1841 3031 2044 3111 (June
2079 3031 2206 3116 21),
2250 3050 2431 3110 1275.
2492 3030 2892 3094 Revocatio

295 3085 520 3128 presenta-

231 3128 533 3218 tcioqtoNorth
561 3120 1100 3203 presentationis
1176 3118 1488 3182 ecclesiae
1563 3119 1651 3181 de
1726 3118 2144 3181 Northcave.
2258 3118 2342 3180 In
2419 3118 2730 3198 capitulo
2793 3120 2887 3181 de

273 3190 366 3218 Μ’
567 3207 937 3270 Herthulle
970 3207 1158 3288 apud
1205 3206 1635 3288 Ruththorp.
1708 3204 2129 3268 Reverendo
2163 3205 2448 3267 domino
2481 3225 2562 3267 ac
2594 3206 2783 3285 patri
2816 3206 2890 3267 in

564 3295 812 3371 Crist0,
876 3293 1016 3369 W.,
1069 3303 1221 3370 ete„
1287 3314 1452 3356 suus
1513 3293 1808 3355 devotus
1868 3291 2260 3356 Germanus
2324 3292 2492 3374 Hay
2553 3292 2881 3366 salutern,

560 3381 1019 3445 reverentiam
1096 3391 1166 3443 et
1230 3381 1585 3443 honorem.
1703 3378 2306 3442 Presentationem
2380 3379 2465 3440 de
2539 3378 2885 3461 magistro

559 3469 920 3532 Willelmo
967 3469 1054 3529 de
1096 3467 1452 3549 Pikering'
1498 3467 1589 3529 ad
1631 3467 1998 3529 ecclesiam
2042 3469 2129 3529 de
2171 3466 2570 3528 Northcave
2600 3483 2727 3546 per
2770 3486 2886 3528 me

558 3556 949 3619 inconsulte
991 3553 1269 3624 factam,
1322 3565 1666 3636 quatenus
1707 3550 1968 3653 [quia]¹
2001 3555 2090 3616 de
2140 3551 2327 3615 facto
2378 3552 2718 3633 processit
2771 3548 2881 3638 [et

555 3642 745 3706 fatue
776 3642 962 3723 quod
1011 3642 1213 3703 doleo
1239 3642 1447 3723 juste,
1482 3651 1550 3705 et
1576 3641 1733 3723 juro
1765 3652 2048 3722 penltus
2082 3641 2153 3703 in
2203 3636 2598 3725 nichilum],
2631 3658 2888 3702 revoco

556 3750 683 3812 per
712 3738 1102 3811 presentes;
1137 3748 1249 3790 me
1282 3728 1352 3790 in
1446 3737 1771 3791 atronatu
1803 3727 2010 3790 dictae
2051 3727 2385 3801 ecclesiae,
2421 3722 2611 3812 [quae
2643 3725 2734 3788 ad
2767 3746 2885 3789 me

556 3817 904 3899 pertinere
980 3815 1405 3877 credideram
1448 3861 1463 3888 ,
1540 3816 1812 3878 nullum
1878 3815 1993 3896 jus
2047 3815 2481 3897 proclamare
2540 3812 2725 3875 velle
2789 3815 2885 3876 ad

557 3923 847 4051 Ρῑεῗὶθηε
881 3898 1356 3988 [aliquatenus
1385 3898 1852 3988 proclamare]
1878 3913 2117 3964 tenore
2140 3899 2568 3983 presentium
2595 3900 2881 3981 publice

611 4010 687 4053 ro
739 3991 971 4052 tend0.

558 4012 606 4074 p
648 4077 860 4141 Mem.
896 4075 1083 4157 quod
1115 4095 1164 4136 x
1194 4076 1334 4138 kal.
1366 4075 1536 4155 Julii
1567 4075 1777 4155 (June
1813 4075 1915 4160 22)
1960 4075 2333 4138 commissa
2383 4071 2511 4136 fuit
2559 4073 2886 4137 custodia

559 4163 874 4228 ecclesiae
905 4163 992 4225 de
1024 4163 1420 4225 Northcave
1453 4163 1541 4224 ad
1588 4162 2182 4245 presentationem
2214 4161 2480 4224 domini
2532 4160 2886 4240 Johannis

561 4254 647 4315 de
679 4250 929 4328 Melsa,
973 4249 1236 4325 militis,
1289 4248 1607 4313 Gilberto
1658 4251 1746 4312 de
1797 4250 2045 4324 Melsa,
2096 4248 2369 4326 clerico,
2426 4247 2517 4310 ad
2570 4257 2882 4329 tempus,

561 4338 825 4402 scilicet
899 4356 1259 4419 quousque
1335 4337 1659 4399 dominus
1722 4337 2286 4417 archiepiscopus
2365 4354 2523 4397 eam
2604 4334 2888 4405 duxerit

561 4424 1048 4489 revocandam.

1300 4518 1313 4541 ¹
1337 4507 1528 4558 Words
1549 4507 1601 4557 in
1624 4507 1856 4557 brackets
1878 4506 2158 4556 interlined.
