3187 5105
548 542 675 601 320
765 535 914 583 THE
944 534 1321 584 REGISTER
1347 533 1442 582 OF
1477 533 1962 582 ARCHBISHOP
1990 532 2317 581 WALTER
2348 531 2713 581 GIFFARD.

216 699 390 799 ξζξξή
444 749 523 800 my
547 702 733 764 bona
765 702 1014 763 domus
1047 700 1415 773 subtraxit,
1453 699 1632 761 sicut
1665 707 1940 761 constat
1973 698 2365 773 conventui,
2389 708 2458 762 et
2492 699 2680 779 quod
2717 719 2892 761 cum

215 763 497 891 oftbeffflssnd
551 787 954 850 mulieribus
1015 788 1588 850 consuetudinem
1656 786 1901 848 habuit
1962 786 2429 863 inhonestam,
2481 797 2549 847 et
2612 764 2911 849 liberos

218 864 401 891 'mmm
420 852 481 901 “5
551 875 942 947 suscitavit;
967 886 1035 937 et
1061 875 1247 955 quod
1268 893 1478 936 unam
1502 875 1714 936 habet
1740 875 1926 955 apud
1947 873 2378 953 Notingham
2405 874 2888 935 concubinam

551 962 821 1025 noviter
853 962 1389 1043 impregnatam.
1462 961 1574 1034 Et,
1610 962 1773 1042 quia
1799 980 1922 1042 per
1951 961 2082 1021 hoc
2109 960 2516 1021 scandalum
2551 959 2893 1041 nequiter

551 1059 945 1131 generatur,
994 1049 1313 1111 volentes
1375 1057 1617 1110 contra
1662 1048 1793 1109 hoc
1853 1046 2235 1109 remedium
2297 1047 2649 1121 adhibere,
2715 1068 2888 1128 pre-

220 1154 320 1214 Ηῑε,
552 1136 847 1217 cipimus
872 1137 1059 1217 quod
1081 1136 1262 1197 idem
1290 1136 1595 1197 claustro
1622 1154 1747 1196 suo
1773 1134 2106 1196 adhereat
2130 1131 2417 1214 pacifice
2443 1135 2512 1195 in
2538 1132 2884 1211 futurum,

218 1203 513 1255 'mmmmm'
551 1226 772 1286 donec
805 1224 891 1284 de
927 1243 1054 1285 sua
1084 1222 1565 1284 melioratione
1598 1233 1666 1284 et
1697 1221 1862 1283 vitae
1905 1241 2049 1283 suae
2079 1221 2447 1283 honestate
2480 1220 2886 1284 constiterit

550 1329 675 1393 per
706 1310 970 1372 indicta
1019 1308 1409 1381 manifesta,
1445 1320 1512 1371 et
1545 1308 1845 1390 gratiam
1898 1308 2196 1370 exeundi
2232 1327 2274 1367 a
2306 1306 2508 1370 nobis
2541 1310 2886 1370 meruerit

550 1398 885 1479 optinere.
979 1395 1091 1473 Et,
1124 1397 1289 1478 quia
1321 1397 1766 1458 inhonestum
1816 1404 1919 1457 est
1951 1395 2136 1476 quod
2190 1394 2423 1456 taliter
2468 1394 2887 1457 diffamatus

551 1485 622 1546 in
657 1484 1136 1565 spiritualibus
1170 1483 1649 1564 subprioratus
1682 1502 1916 1544 curam
1965 1501 2206 1564 gerere
2244 1481 2518 1558 debeat,
2551 1481 2789 1562 ipsum
2838 1503 2884 1543 a

551 1572 1032 1652 subprioratus
1063 1568 1288 1632 officio
1321 1589 1747 1632 amovemus,
1841 1569 1953 1643 Et,
1986 1588 2410 1649 quamquam
2456 1588 2667 1648 super
2713 1569 2886 1631 aliis

548 1678 705 1740 quae
737 1678 876 1720 non
912 1659 1062 1720 sine
1117 1657 1593 1738 interjectione
1643 1655 2078 1718 verecundiae
2131 1675 2501 1736 possumus
2551 1656 2882 1729 recitare,

549 1747 795 1827 punire
848 1764 1214 1827 possemus
1263 1754 1331 1805 et
1381 1744 1689 1825 graviter
1747 1743 2282 1823 condempnare,
2334 1742 2555 1823 ipsius
2631 1753 2881 1805 tamen

549 1832 981 1915 punitionem
1030 1832 1488 1912 expectandO,
1524 1831 1581 1893 si
1614 1829 1782 1892 velit
1812 1829 2174 1892 honestius
2206 1850 2281 1892 se
2317 1830 2595 1903 habere,
2630 1841 2885 1892 nostro

551 1921 777 1982 adhuc
810 1918 1095 1981 arbitrio
1126 1938 1581 1980 reservamus,

221 2007 429 2100 ffiflhgg
641 2006 841 2079 Item,
897 2014 1326 2086 compertum
1383 2015 1489 2067 est
1548 2005 1732 2086 quod
1788 2003 2187 2067 Willelmus
2233 2004 2322 2065 de
2382 2003 2718 2065 Dunham
2793 2006 2886 2067 de

221 2108 429 2210 22:313&
556 2093 775 2169 Rosa,
811 2093 1099 2155 muliere
1159 2093 1486 2173 quadam,
1548 2090 1768 2152 filiuni
1834 2092 2215 2158 suscitavit.
2267 2092 2431 2172 quia
2476 2090 2887 2171 frequenter

222 2209 487 2260 immorality
553 2180 942 2262 ingreditur
990 2182 1296 2256 domum,
1344 2190 1413 2241 et
1461 2199 1545 2241 ea
1596 2198 1751 2259 quae
1806 2178 1902 2239 ibi
1953 2189 2182 2259 potest
2233 2177 2597 2258 adquirere
2652 2177 2885 2241 defert

221 2259 528 2360 ἓζξάῗξῗῇω
555 2268 759 2329 matri
795 2287 960 2343 suae,
994 2288 1150 2348 quae
1182 2266 1457 2328 habitat
1481 2266 1552 2327 in
1574 2265 1826 2339 vicin0,
1853 2276 1922 2327 et
1950 2266 2253 2346 suspicio
2287 2275 2391 2326 est
2424 2265 2611 2346 quod
2642 2265 2884 2328 dictus

220 2375 324 2400 ⁰0¹¹
307 2365 426 2401 ent
552 2353 954 2416 Willelmus
1015 2374 1138 2435 per
1196 2352 1418 2415 filium
1481 2372 1680 2414 suum
1744 2352 2228 2414 intermedium
2283 2352 2556 2432 copiam
2612 2352 2886 2416 habeat

554 2441 798 2504 matris
845 2461 1010 2518 suae,
1058 2451 1127 2503 et
1171 2441 1378 2521 quod,
1425 2440 1604 2501 sicut
1650 2439 1844 2500 canis
1904 2440 1994 2501 ad
2054 2439 2417 2515 vomitum,
2481 2440 2723 2501 redeat
2791 2441 2884 2501 ad

555 2539 940 2610 peccatum.
1033 2527 1161 2604 Ne,
1202 2528 1437 2610 igitur,
1479 2526 1842 2608 religionis
1891 2528 2223 2589 honestas
2256 2546 2379 2608 per
2409 2527 2622 2588 talem
2658 2526 2886 2591 insol-

223 2662 311 2703 Ηί,
554 2617 841 2679 lentiam
876 2615 1152 2697 penitus
1176 2625 1451 2677 corruat
1471 2624 1540 2676 et
1566 2615 1992 2690 succumbat,
2028 2615 2449 2696 precipimus
2473 2614 2659 2694 quod
2689 2613 2882 2676 idem

221 2712 515 2765 punishment·
554 2705 932 2766 claustrum
985 2722 1184 2764 suum
1241 2721 1379 2763 non
1431 2712 1658 2773 exeat,
1711 2702 1930 2763 donec
1985 2701 2290 2782 suspicio
2345 2702 2884 2764 incontinentiae

553 2791 831 2872 penitus
864 2788 1232 2852 auferatur.
1326 2787 1530 2870 Quod
1586 2789 1645 2849 si
1699 2797 2027 2869 precepto
2078 2799 2315 2850 nostro
2370 2791 2887 2870 presumpserit

552 2878 918 2953 contraire,
980 2877 1208 2957 ipsum
1276 2877 1365 2937 ad
1439 2875 1630 2936 aliud
1679 2875 2175 2937 monasterium
2226 2874 2748 2948 transferemuS,
2811 2892 2885 2940 et

551 2965 782 3046 ipsum
815 2963 1026 3026 etiam
1081 2964 1256 3025 alias
1300 2962 1671 3044 puniemus
1713 2963 1897 3042 quod
1943 2962 2060 3023 alii
2118 2962 2521 3044 delinquere
2551 2962 2886 3026 decetero

548 3051 1045 3114 formidabunt.

638 3139 749 3214 Et,
783 3157 1206 3219 quamquam
1259 3137 1437 3198 alios
1486 3137 1574 3197 de
1613 3144 1958 3197 conventu
2006 3155 2372 3217 possemus
2427 3135 2674 3198 merito
2710 3157 2883 3199 con-

549 3227 948 3307 dempnare,
983 3241 1220 3286 eorum
1253 3232 1488 3285 tamen
1522 3221 1957 3303 punitionem
2004 3224 2133 3285 sub
2189 3243 2314 3304 spe
2369 3224 2886 3289 meliorationis

549 3313 775 3374 adhuc
829 3325 1067 3374 nostro
1120 3310 1405 3373 arbitrio
1458 3329 1913 3371 reservamus.
2009 3308 2213 3391 Quod
2265 3309 2323 3371 si
2376 3311 2533 3390 quis
2563 3331 2655 3372 ex
2687 3331 2884 3375 nunc

548 3413 691 3463 tam
725 3395 1096 3498 audax[et]
1130 3398 1539 3460 temerarius
1580 3397 1906 3459 inventus
1936 3395 2163 3474 fuerit,
2196 3399 2382 3478 quod
2416 3418 2457 3459 a
2490 3398 2703 3460 domo
2749 3419 2884 3463 sua

548 3490 697 3550 sine
729 3485 981 3567 prioris
1016 3486 1121 3547 sui
1154 3485 1438 3547 licentia
1468 3484 1769 3558 recedat,
1804 3494 1872 3546 et
1921 3494 2180 3546 temere
2218 3496 2658 3565 pervagetur,
2694 3497 2768 3548 et
2804 3487 2879 3550 in

547 3576 755 3636 rebus
788 3571 1178 3654 nugatoriis
1210 3582 1522 3655 tempora
1570 3591 1697 3632 sua
1747 3581 2131 3644 consumat,
2187 3571 2551 3653 religionis
2606 3593 2880 3637 morem

548 3662 674 3724 tali
706 3659 889 3722 facto
923 3678 1287 3740 perperam
1344 3669 1413 3720 et
1443 3660 1648 3720 bonae
1688 3656 1894 3718 famae
1948 3658 2229 3719 odorem
2286 3658 2356 3719 in
2415 3657 2670 3720 animae
2729 3681 2884 3724 suae

550 3748 932 3830 periculum
967 3745 1424 3827 denigrando,
1450 3744 1680 3826 ipsum
1713 3763 1756 3805 a
1788 3745 1993 3806 domo
2026 3765 2151 3806 sua
2182 3754 2519 3826 tanquam
2552 3748 2884 3810 arborem

553 3834 1049 3898 infructuosam
1111 3833 1509 3895 curabimus
1547 3831 1909 3915 ‚extirpare
1975 3840 2044 3893 et
2097 3833 2472 3913 expellere,
2528 3834 2679 3896 sine
2751 3855 2883 3916 spe

551 3922 862 3985 funditus
893 3920 1253 3982 redeundi.

224 4018 302 4060 Fo·
325 4020 442 4070 142d·
642 4005 894 4069 Blank.

227 4120 305 4162 Fo.
329 4133 410 4172 ¹4³.
643 4093 1192 4159 DCCCCXVII.
1285 4091 1611 4155 Visitatio
1663 4091 1849 4154 facta
1897 4093 2080 4173 apud
2116 4092 2443 4171 Boulton‚
2498 4115 2662 4157 non.
2718 4096 2886 4164 Oct.

227 4220 535 4262 visitationes
561 4182 721 4268 (Oct
756 4183 839 4266 7),
873 4201 1059 4243 anno
1092 4180 1339 4263 gratiae
1371 4178 1824 4242 M0CC0LXX0
1859 4179 2122 4260 quinto,

228 4272 391 4372 ¹³32>ss
646 4270 845 4332 Prior
876 4268 1319 4331 examinatus
1351 4267 1519 4329 dicit
1550 4268 1736 4348 quod
1791 4266 1940 4347 ipse
1993 4266 2219 4348 primo
2261 4267 2542 4348 juravit,
2593 4280 2665 4333 et
2715 4285 2884 4353 post

271 4373 466 4412 nmina·
559 4378 643 4420 ea
674 4376 917 4418 omnes
949 4355 1037 4416 de
1084 4364 1448 4417 conventu.
1542 4354 1919 4429 RobertuS,
1953 4362 2213 4431 tamen,
2257 4356 2343 4417 de
2378 4357 2638 4440 Rypon
2674 4360 2884 4438 quasi

228 4421 390 4525 3312?
407 4421 482 4463 ‘¹¹⁰
558 4443 818 4506 invitus
844 4441 1124 4524 juravit.
1178 4441 1377 4514 Item,
1404 4441 1776 4522 requisitus
1810 4460 1896 4502 an
1925 4439 2346 4504 ministravit
2378 4444 2447 4505 in
2473 4447 2886 4525 temporali-

559 4534 689 4594 bus
720 4540 790 4593 et
823 4528 1305 4612 spiritualibus
1334 4540 1495 4611 post
1527 4528 2078 4608 suspensionem,
2114 4528 2281 4590 dicit
2312 4532 2498 4610 quod
2540 4549 2705 4611 non,
2743 4534 2888 4597 nisi
