3187 5105
203 715 259 792 tin
279 702 456 794 inqtgigi-

241 767 297 793 ου
317 768 358 794 m
420 767 446 794 e

203 802 229 842 b
278 803 352 845 the

202 866 223 892 s
254 853 353 894 eriff
366 855 416 895 os

204 903 355 951 Notts,
375 904 424 945 of

203 954 312 995 view
328 955 377 996 of

203 1002 353 1046 frank-

201 1055 361 1106 pledge
378 1057 466 1098 and

200 1105 326 1145 other

201 1155 396 1197 liberties
414 1157 455 1197 in

130 1206 137 1218 “
202 1204 269 1245 his
287 1219 465 1247 mauors

201 1255 251 1296 of
273 1255 435 1297 South·

201 1307 316 1355 well,
346 1307 492 1349 Lane-

200 1355 317 1406 ham,

201 1407 415 1459 scmoby,

202 1456 361 1498 Sutton
381 1458 469 1499 and

202 1507 414 1555 Askham.
432 1509 475 1549 in

201 1558 350 1605 Notts.

201 1609 363 1660 paying
380 1609 449 1659 41i.

200 1672 227 1697 a
246 1672 350 1708 year
367 1658 435 1699 for

200 1708 274 1749 the
292 1722 426 1749 same.

194 3490 342 3532 Grant
359 3496 404 3532 to
424 3491 498 3533 the

193 3541 344 3582 archb.
365 3541 416 3582 of

196 3592 361 3632 similar

196 3642 389 3683 liberties
407 3643 450 3683 in

196 3691 263 3733 his
281 3693 424 3734 vork-

195 3742 311 3783 shire

197 3807 387 3834 mauors.

542 550 654 592 102
750 547 899 594 THE
932 547 1308 598 REGISTER
1332 551 1427 599 OF
1456 551 1944 603 ARCHBISHOP
1977 554 2301 605 WALTER
2332 556 2456 605 GIF
2459 557 2501 604 F
2503 556 2685 607 ARD.

533 703 1057 770 vicecomitibus
1104 708 1415 793 Noting’,
1463 713 1582 795 qui
1616 733 1742 795 pro
1774 726 2087 797 tempore
2117 714 2393 794 fuerint,
2426 727 2494 779 et
2527 716 2852 780 omnibus

536 791 817 855 ballivis
879 804 946 855 et
1001 793 1324 860 fidelibus
1357 799 1521 876 suiS,
1584 802 1675 863 ad
1738 822 1912 884 quos
1973 815 2332 884 presentes
2393 804 2644 867 litterae
2694 822 2850 885 per-

534 880 872 955 venerint,
909 883 1226 946 salutem.
1286 883 1468 967 Quia
1500 888 1897 968 accepimus
1930 908 2053 971 per
2084 889 2607 972 inquisitionem
2640 910 2846 973 quam

535 985 659 1045 per
718 968 1195 1032 vicecomitem
1248 973 1534 1056 Noting'
1590 972 1741 1037 fieri
1795 976 2104 1053 fecimus,
2174 978 2361 1059 quod
2414 998 2553 1041 non
2604 988 2710 1041 est
2759 978 2850 1040 ad

534 1052 915 1135 dampnum
973 1067 1286 1120 nostrum
1336 1063 1716 1124 concedere
1777 1064 2159 1127 venerabili
2202 1064 2407 1146 patri,
2439 1064 2580 1143 W„
2637 1064 2847 1127 Ebor.

534 1141 1079 1224 archiepiscop0‚
1147 1146 1431 1228 Angliae
1479 1148 1784 1229 primati,
1818 1153 2001 1232 quod
2055 1150 2124 1212 in
2182 1153 2511 1215 maneriis
2566 1152 2710 1214 suis
2763 1153 2850 1214 de

535 1226 838 1304 Suwell',
884 1229 1176 1306 Lanum,
1222 1234 1511 1318 Scroby,
1558 1236 1858 1310 Sutton',
1909 1238 2253 1315 Askham‚
2287 1249 2356 1302 et
2398 1240 2468 1301 in
2520 1239 2850 1301 membris

535 1314 684 1376 suis*
734 1315 803 1377 in
858 1318 1193 1381 comitatu
1270 1320 1582 1405 Noting’,
1640 1345 1796 1406 quae
1873 1338 2035 1387 sunt
2111 1327 2196 1388 de
2270 1327 2564 1389 baronia
2624 1325 2849 1407 ipsius

533 1401 1038 1484 archiepiscopi
1112 1406 1199 1468 de
1272 1407 1742 1485 Schireburn',
1791 1412 2048 1475 habeat
2100 1412 2326 1476 visum
2379 1411 2845 1494 franciplegii,

532 1489 793 1567 placita
822 1492 1019 1553 vetiti
1055 1494 1269 1556 namii
1321 1507 1388 1559 et
1441 1508 1798 1561 returnum
1848 1499 2162 1561 brevium
2214 1511 2630 1577 nostrorum,
2683 1498 2847 1561 dum

530 1584 763 1637 tamen
800 1577 1046 1641 reddat
1068 1582 1270 1643 nobis
1296 1581 1457 1645 inde
1482 1604 1608 1666 per
1630 1606 1891 1648 annum
1926 1586 2021 1667 iiij
2040 1586 2138 1664 li.,
2172 1588 2260 1649 ad
2285 1608 2462 1670 quas
2492 1587 2850 1649 libertates

530 1670 599 1723 et
674 1663 1079 1743 quietantiae
1147 1670 1479 1749 predictae
1554 1684 1866 1736 extensae
1938 1685 2099 1736 sunt
2175 1695 2298 1755 per
2342 1675 2603 1737 dictum
2665 1672 2848 1735 vice-

529 1750 876 1826 comitem,
925 1772 1075 1829 nOS,
1139 1776 1267 1837 pro
1329 1758 1668 1822 laudabili
1718 1760 1999 1823 servitio
2066 1762 2253 1842 quod
2335 1762 2517 1823 idem
2579 1760 2844 1822 archie-

527 1835 859 1918 piscopus
936 1842 1137 1904 nobis
1215 1844 1575 1926 impendit,
1655 1848 1787 1911 sibi
1865 1847 2163 1930 gratiam
2239 1849 2464 1911 facere
2530 1848 2846 1910 volentes

528 1925 926 2003 specialem,
991 1932 1460 1996 concessimus
1521 1935 1586 1996 ei
1648 1935 1834 2016 quod
1895 1945 2044 1997 toto
2097 1945 2410 2018 tempore
2481 1935 2645 1997 vitae
2701 1954 2845 1997 suae

525 2010 785 2073 habeat
810 2032 1053 2077 omnes
1085 2016 1443 2083 libertates
1475 2031 1544 2083 et
1575 2022 2002 2104 quietantias
2034 2023 2385 2103 predictas
2411 2023 2480 2084 in
2516 2020 2845 2084 maneriis

528 2096 672 2159 suis
704 2100 1038 2179 predictis
1070 2113 1141 2165 et
1171 2108 1501 2169 membris
1533 2112 1958 2186 eorumdem,
1982 2110 2080 2171 ita
2111 2119 2345 2172 tamen
2381 2108 2567 2191 quod
2599 2109 2847 2170 reddat

528 2185 731 2246 nobis
794 2186 956 2248 inde
1018 2209 1143 2270 per
1202 2212 1460 2256 annum
1511 2195 1696 2278 iiijli.
1747 2198 1837 2260 ad
1896 2197 2316 2260 scaccarium
2368 2205 2705 2271 nostrum,
2757 2195 2845 2256 ad

526 2289 704 2350 quas
737 2272 1096 2338 libertates
1130 2290 1198 2340 et
1244 2281 1649 2361 quietantiae
1704 2284 2036 2365 predictae
2087 2295 2397 2346 extensae
2452 2292 2634 2359 sunt,
2671 2283 2846 2345 sicut

526 2358 915 2437 predictum
955 2373 1103 2435 est;
1162 2367 1484 2431 videlicet
1527 2390 1739 2432 unam
1783 2371 2227 2434 medietatem
2278 2371 2368 2433 ad
2425 2370 2847 2432 scaccarium

526 2455 839 2508 nostrum
874 2448 943 2509 in
977 2449 1154 2513 festo
1188 2452 1261 2515 S.
1298 2455 1688 2534 Michaelis,
1714 2468 1785 2520 et
1816 2457 2028 2519 aliam
2064 2459 2507 2520 medietatem
2536 2457 2627 2519 ad
2654 2476 2845 2519 scac-

525 2532 788 2596 carium
846 2547 1158 2601 nostrum
1208 2541 1519 2620 Paschae,
1571 2565 1695 2626 pro
1741 2545 2065 2609 omnibus
2112 2544 2736 2609 consuetudinibus
2778 2559 2846 2606 et

525 2619 892 2684 demandis
923 2624 1015 2686 ad
1048 2646 1175 2689 nos
1210 2629 1370 2691 inde
1401 2633 1934 2711 pertinentibus·
2029 2634 2138 2697 Ita
2170 2635 2355 2716 quod
2390 2633 2626 2695 nullus
2656 2631 2840 2694 vice-

526 2726 780 2782 comeS,
858 2711 1183 2784 ballivus,
1260 2718 1371 2778 vel
1447 2719 1628 2781 alius
1704 2719 2024 2782 minister
2098 2731 2335 2783 noster
2411 2718 2846 2802 ingrediatur

524 2794 884 2858 libertates
916 2800 1267 2879 predictas
1299 2804 1389 2865 ad
1421 2805 1659 2887 aliqua
1691 2827 1848 2889 quae
1902 2806 1992 2869 ad
2045 2806 2351 2889 prefatas
2384 2807 2744 2869 libertates
2775 2815 2844 2867 et

523 2881 950 2963 quietantias
1004 2888 1355 2968 pertinent
1400 2894 1850 2970 excercenda,
1884 2894 2019 2956 nisi
2062 2896 2152 2957 ad
2184 2895 2422 2957 debita
2453 2914 2609 2976 quae
2641 2892 2846 2955 nobis

523 2968 866 3031 debentur
897 2972 1074 3036 infra
1095 2974 1453 3040 libertates
1478 2980 1830 3060 predictas
1863 2983 1952 3043 ad
1978 3002 2154 3064 opus
2180 2993 2493 3044 nostrum
2518 2980 2841 3042 levanda.

523 3053 616 3116 Et
650 3054 804 3118 ideo
837 3060 1036 3124 vobis
1087 3064 1501 3128 mandamus
1555 3070 1740 3149 quod
1796 3068 2186 3150 predictum
2241 3068 2841 3149 archiepiscopum

522 3150 766 3204 contra
826 3145 1007 3210 hanc
1069 3153 1588 3216 concessionem
1653 3166 1967 3218 nostram
2027 3176 2166 3218 non
2243 3155 2535 3230 vexetis,
2613 3153 2726 3216 vel
2802 3172 2845 3215 a

521 3229 805 3291 ballivis
837 3253 958 3296 seu
1003 3237 1339 3301 ministris
1392 3243 1646 3304 vestris
1695 3242 1936 3305 vexari
1990 3242 2434 3326 permittatis.
2528 3240 2609 3302 In
2643 3240 2843 3321 cujus

522 3314 621 3376 rei
654 3325 811 3414 test.
845 3319 976 3383 has
1022 3323 1291 3389 litteras
1341 3338 1620 3392 nostras
1660 3327 1810 3392 fieri
1860 3329 2147 3393 fecimus
2197 3339 2540 3412 patentes·
2631 3326 2841 3389 Teste

524 3420 636 3463 me
669 3422 841 3482 ipso

614 3498 1152 3573 CCCLXXV1.¹
1219 3514 1390 3598 May
1454 3536 1548 3593 12,
1604 3537 1677 3595 51
1740 3516 1924 3579 Hen.
1961 3516 2080 3593 iii.,
2135 3515 2376 3599 (1267).
2472 3512 2842 3590 Stratford.

526 3584 750 3649 Grant
780 3599 853 3653 to
887 3595 1005 3657 the
1037 3601 1461 3683 archbishop
1482 3602 1552 3664 in
1579 3604 1834 3666 almost
1861 3607 1981 3666 the
2009 3624 2198 3667 same
2228 3614 2445 3666 terms
2479 3601 2555 3664 of
2579 3600 2848 3664 similar

526 3672 835 3741 liberties
868 3680 939 3743 in
994 3685 1105 3748 his
1160 3708 1441 3753 mauors
1496 3689 1575 3752 of
1616 3689 2085 3767 Schireburn',
2135 3690 2474 3766 Kawode,
2515 3687 2844 3769 Otteleg',

526 3758 841 3843 Wilton',
875 3768 1336 3857 Wetewang’,
1373 3776 1663 3850 Burton,
1710 3776 2030 3860 Skyteby
2072 3779 2212 3840 and
2245 3777 2424 3839 their
2473 3775 2840 3848 memberS,

525 3847 645 3910 the
679 3849 1086 3933 inquisition
1135 3862 1403 3944 having
1449 3864 1626 3926 been
1685 3866 1888 3927 made
1942 3866 2035 3948 by
2066 3864 2383 3927 William
2418 3864 2483 3925 le
2515 3861 2844 3936 Latimer,

525 3934 643 3996 the
677 3934 961 4017 Sheriff3
1000 3951 1040 3982 “
1062 3958 1130 4010 et
1155 3950 1343 4030 quod
1366 3950 1519 4031 ipse
1550 3960 1621 4014 et
1645 3971 1888 4014 omnes
1906 3951 2227 4014 homines
2260 3950 2365 4013 sui
2398 3950 2484 4012 de
2518 3947 2845 4011 maneriis

421 4104 433 4114 ·
523 4028 594 4082 et
647 4029 976 4093 membris
1030 4036 1361 4115 predictis
1424 4038 1639 4118 quieti
1703 4039 1844 4101 sint
1903 4039 1990 4100 de
2048 4039 2273 4100 turnis
2332 4036 2839 4110 vicecomitum,

522 4106 1040 4197 trithingorum,
1081 4133 1148 4184 et
1190 4124 1829 4204 presentationibus
1871 4124 2207 4188 faciendis
2250 4126 2338 4186 ad
2374 4122 2839 4205 wapentagia‚

522 4203 591 4256 et
623 4198 709 4259 de
749 4206 991 4269 utesiis
1023 4209 1274 4274 levatis
1306 4211 1376 4273 in
1410 4212 1674 4274 eisdem
1707 4212 2038 4275 maneriis
2069 4223 2137 4275 et
2169 4211 2499 4274 membris
2542 4210 2612 4272 in
2664 4228 2837 4272 com.

520 4279 731 4348 Ebor-
761 4312 775 4360 3
813 4291 977 4355 dum
1010 4305 1246 4360 tamen
1278 4298 1525 4362 reddat
1557 4299 1762 4362 nobis
1795 4299 1957 4362 inde
1988 4319 2113 4380 per
2136 4318 2398 4361 annum
2433 4296 2529 4378 iiij
2567 4314 2838 4358 marcas

516 4376 588 4431 et
618 4372 829 4438 dim.”
865 4378 1019 4462 (eta,
1055 4386 1138 4444 ut
1159 4386 1411 4470 supra).

582 4501 597 4523 ¹
621 4495 760 4545 Note
800 4499 851 4548 in
889 4502 975 4552 the
1015 4506 1209 4568 margin
1228 4507 1582 4555 z—Concessio
1606 4507 1736 4568 regis
1759 4522 1851 4571 pro
1874 4507 2056 4556 balliva
2079 4506 2142 4555 de
2175 4505 2520 4562 schireburne,
2556 4502 2775 4566 Otteley,

1344 4582 1392 4620 et
1417 4572 1624 4620 aliorum
1649 4571 1997 4620 maneriorum.
