3187 5105
321 3445 362 3472 ο.
382 3431 452 3472 Sd.

576 521 645 579 18
758 529 908 578 THE
940 529 1315 580 REGISTER
1347 529 1442 581 OF
1472 531 1960 583 ARCHBISHOP
1990 532 2318 582 WALTER
2347 532 2699 586 GIFFARD.

562 690 1063 775 Lepingthorp'
1113 711 1254 753 una
1297 711 1433 754 car.
1481 701 1703 756 terrae.
1800 693 1879 755 In
1928 693 2372 776 Levington’¹
2403 705 2701 778 quatuor
2737 716 2879 761 car.

560 790 784 844 terrae.
906 777 990 839 In
1054 777 1294 840 Eston'
1344 789 1484 841 tres
1538 799 1677 842 car.
1724 789 1947 845 terrae.
2069 780 2154 842 In
2201 780 2492 865 Wyma²
2536 783 2693 846 duae
2738 803 2877 847 car.

560 877 785 942 terrae,
816 885 993 948 quas
1040 865 1369 948 Rogems
1399 867 1486 928 de
1520 864 1896 929 Sausemer
1925 877 2135 931 tenet.
2227 867 2311 931 In
2360 869 2767 953 Billinghey
2806 881 2880 934 et

559 954 956 1017 Walecote³
990 952 1243 1035 viginti
1276 972 1412 1015 car.
1445 962 1668 1017 terrae.
1761 953 1846 1016 In
1894 953 2491 1039 Metheringham⁴
2521 957 2676 1019 duae
2718 959 2878 1023 bov,

561 1051 783 1104 terrae.
906 1039 1022 1102 Ιῐις
1083 1040 1405 1123 Raseby⁶
1462 1050 1605 1103 tres
1678 1061 1816 1104 car.
1893 1050 2096 1104 terrae
2170 1053 2240 1105 et
2315 1063 2441 1106 sex
2513 1045 2670 1106 bov,
2792 1044 2876 1107 In

563 1127 991 1192 Swanethon
1042 1127 1407 1190 hundreda
1460 1147 1711 1190 novem
1767 1147 1902 1191 car.
1955 1137 2157 1191 terrae
2203 1139 2273 1192 et
2318 1130 2475 1193 duae
2526 1132 2685 1193 bov.
2793 1131 2877 1194 In

561 1214 979 1279 Pikeworth’
1014 1214 1171 1276 duae
1202 1233 1339 1276 car.
1375 1222 1444 1276 et
1475 1215 1633 1277 duae
1662 1215 1819 1278 bov.
1913 1214 1998 1277 In
2030 1215 2358 1300 Dauleby
2387 1236 2529 1280 una
2559 1236 2699 1283 car.
2791 1217 2877 1280 In

558 1301 922 1366 hundreda
980 1300 1068 1363 de
1115 1300 1343 1363 Killin
1397 1302 1646 1384 burgh'
1709 1302 2017 1385 quinque
2075 1323 2238 1381 car„
2270 1324 2446 1386 quas
2505 1303 2883 1368 Burnellus

559 1397 750 1453 tenet
804 1390 874 1451 in
929 1387 1251 1451 Neuton'.
1335 1321 1491 1537 ζΙῐι]
1546 1388 2032 1472 Trikingham‚
2074 1389 2450 1475 Wresteby
2495 1399 2564 1454 et
2619 1389 2876 1467 Stowe,

560 1486 857 1559 quatuor
895 1495 1034 1540 car.
1069 1485 1139 1538 et
1182 1494 1308 1537 sex
1385 1496 1494 1540 ov,
1530 1474 1871 1559 (Summa,
1901 1476 2024 1539 xli.
2056 1476 2239 1540 xixs.
2270 1476 2512 1561 viijd.).

664 1559 1098 1646 Westrzdz'ng’
1165 1558 1243 1623 in
1292 1581 1445 1624 com.
1480 1560 1792 1628 Lz‘ncoln.
1915 1563 2000 1626 In
2048 1563 2505 1646 Herpeswell’
2538 1586 2586 1627 v
2615 1565 2772 1628 bov.
2807 1575 2878 1629 et

559 1651 725 1714 dim.
812 1650 897 1712 In
933 1648 1406 1712 Hakesthorn’
1440 1669 1583 1712 una
1614 1669 1751 1712 car.
1785 1658 1988 1712 terrae
2018 1661 2088 1713 et
2120 1650 2217 1733 iiij
2244 1652 2403 1715 bov.
2497 1649 2878 1735 Gregorius

559 1738 845 1821 quidam
876 1736 1101 1800 tenuit
1133 1734 1206 1798 in
1230 1736 1475 1798 eadem
1502 1736 1675 1799 villa
1698 1757 1910 1799 unam
1943 1757 2081 1801 car.
2102 1747 2305 1801 terrae
2329 1748 2398 1801 et
2423 1747 2691 1821 septem
2715 1739 2874 1802 bov.

557 1836 628 1889 et
659 1825 847 1901 dim„
879 1843 1055 1906 quas
1087 1822 1372 1905 quidam
1406 1822 1624 1906 Hugo
1655 1831 1865 1888 tenet.
1902 1822 2241 1909 (Summa,
2274 1825 2458 1908 xiiJs.
2490 1824 2732 1912 viijd.).

649 1908 1126 1994 Nortridz'nglz'
1183 1907 1260 1971 in
1318 1929 1469 1972 com.
1520 1908 1833 1973 Lz'ncoln.
1955 1911 2230 1975 Alanus
2279 1913 2366 1975 de
2420 1912 2641 1975 Motel
2688 1922 2881 1976 tenet

560 2018 773 2062 unam
805 2017 942 2060 car.
975 2005 1178 2060 terrae
1223 1996 1296 2059 in
1343 1995 1761 2060 Cokewaud.
1838 1997 1920 2061 In
1958 1997 2318 2081 Hickling'
2352 2008 2421 2062 et
2453 1997 2586 2064 Gle
2616 2008 2778 2062 sunt
2807 1999 2875 2081 vj

561 2088 719 2149 bov.
782 2094 1006 2158 terrae,
1049 2085 1136 2147 de
1196 2083 1450 2165 quibus
1525 2084 1810 2166 quidam
1888 2085 2240 2148 Radulfus
2306 2095 2498 2149 tenet
2558 2085 2655 2169 iiij
2720 2086 2876 2149 bov,

562 2172 914 2236 Ricardus
936 2173 1023 2234 de
1045 2170 1390 2253 Werreby
1411 2180 1605 2234 tenet
1627 2171 1699 2234 in
1726 2170 2067 2236 Swawell'
2093 2173 2158 2254 vj
2186 2174 2368 2248 bow,
2395 2173 2467 2235 in
2493 2172 2875 2255 Staliburg’

561 2262 627 2344 vj
679 2260 863 2335 bow,
915 2258 986 2321 in
1040 2257 1321 2341 Keleby
1366 2257 1464 2340 iiij
1513 2259 1674 2322 hev,
1708 2267 1777 2321 et
1809 2259 1997 2335 dim.,
2032 2259 2104 2321 in
2138 2259 2478 2343 Riggeby
2529 2259 2600 2342 iij
2637 2279 2774 2323 car.
2808 2269 2878 2322 et

560 2347 627 2431 vj
691 2347 850 2409 bov.
971 2345 1055 2408 In
1110 2345 1584 2427 Benigworth’
1635 2355 1797 2415 sunt
1849 2346 2005 2409 duae
2057 2366 2194 2409 car.
2243 2357 2312 2410 et
2357 2346 2454 2428 iiij
2503 2348 2656 2413 δον.
2704 2366 2880 2429 quas

564 2434 914 2497 Ricardus
963 2433 1050 2495 de
1096 2431 1289 2505 Linc’,
1342 2441 1554 2496 tenet.
1648 2432 1731 2495 In
1780 2434 2075 2496 Panton'
2110 2440 2181 2496 et
2210 2433 2685 2497 Barkeworth’
2721 2441 2883 2496 sunt

563 2522 721 2586 duae
774 2540 911 2584 car.
960 2528 1029 2583 et
1073 2519 1139 2603 vj
1189 2520 1347 2583 bov.
1395 2529 1599 2584 terrae
1644 2539 1819 2602 quas
1866 2518 2221 2585 Gilbertus
2267 2520 2354 2585 de
2397 2521 2635 2605 Tycye
2665 2527 2876 2585 tenet.

565 2610 648 2672 In
684 2607 1024 2691 Lisigton’
1060 2616 1222 2670 sunt
1254 2617 1520 2690 septem
1552 2627 1690 2670 car.
1724 2628 1899 2690 quas
1934 2608 2323 2672 Herbertus
2352 2606 2539 2671 filius
2561 2606 2879 2672 Aubricii

563 2704 775 2761 tenet.
868 2695 953 2758 In
984 2693 1484 2776 Wolingeham
1519 2705 1682 2758 sunt
1712 2696 1870 2759 duae
1899 2715 2037 2760 car.
2075 2692 2240 2783 [et]⁷
2262 2716 2404 2759 una
2427 2697 2584 2758 bov,
2611 2705 2682 2758 et
2711 2694 2877 2757 dim.

566 2804 741 2866 quas
774 2781 1125 2845 Ricardus
1155 2782 1244 2843 de
1272 2780 1541 2864 Werby
1570 2791 1782 2845 tenet.
1876 2782 1959 2845 In
1995 2782 2299 2866 Heyton’
2333 2802 2475 2845 una
2504 2801 2642 2845 car.
2678 2790 2748 2844 et
2778 2781 2874 2864 iiij

564 2873 722 2934 bov.
757 2889 934 2953 quas
979 2868 1163 2931 idem
1212 2867 1563 2931 Ricardus
1593 2878 1806 2933 tenet.
1899 2869 1981 2931 In
2015 2868 2336 2954 Gryselai
2371 2868 2508 2955 (sic)
2541 2879 2610 2932 et
2642 2869 2881 2951 Burgo

565 2966 727 3022 sunt
774 2957 931 3019 duae
975 2975 1113 3018 car.
1161 2963 1230 3017 et
1278 2955 1434 3018 duae
1478 2957 1638 3020 bov.
1672 2977 1848 3039 quas
1879 2955 2062 3019 idem
2097 2956 2448 3020 Ricardus
2492 2966 2703 3021 tenet.
2796 2955 2877 3017 In

565 3042 1041 3107 Barkeworth’
1092 3051 1254 3105 sunt
1297 3042 1363 3124 vj
1414 3044 1571 3106 bov.
1606 3063 1783 3125 quas
1828 3043 2012 3107 idem
2068 3044 2421 3107 Ricardus
2468 3053 2682 3106 tenet.
2797 3042 2881 3104 In

565 3130 947 3197 Schelford’
1015 3128 1357 3213 Homeby
1418 3139 1579 3192 sunt
1641 3130 1711 3212 iij
1776 3150 1915 3193 car.
1976 3140 2179 3193 terrae
2239 3139 2308 3194 et
2367 3131 2461 3213 vij
2525 3131 2683 3192 bov.
2797 3128 2881 3191 In

563 3217 1002 3301 Welfrikeby
1051 3227 1214 3280 sunt
1266 3216 1423 3279 duae
1468 3236 1607 3280 car.
1642 3225 1711 3279 et
1743 3217 1899 3280 duae
1930 3217 2086 3280 bov.
2131 3237 2307 3299 quas
2355 3217 2884 3281 archidiaconus

562 3315 773 3370 tenet.
835 3304 1147 3382 Summa,
1179 3303 1399 3385 cviijS.
1433 3302 1654 3389 iiijd.).

650 3392 776 3456 Feo
909 3388 1102 3477 infra
1147 3389 1469 3453 Lt'ndesie
1517 3389 1595 3453 in
1639 3410 1790 3457 com.
1823 3387 2133 3454 Lincoln.
2272 3390 2501 3454 Heres
2555 3389 2885 3473 Hugonis

565 3482 653 3545 de
682 3479 931 3563 Werly
980 3487 1172 3542 tenet
1225 3478 1296 3541 in
1368 3478 1665 3554 Burche‚
1723 3475 2057 3561 Greseby,
2091 3477 2572 3561 Wolingham,
2618 3478 2882 3540 Barke-

563 3568 829 3644 worth’‚
867 3566 1177 3650 Hayton’
1213 3574 1283 3629 et
1325 3563 1804 3628 Hackethorn'
1837 3564 2117 3628 feodum
2159 3566 2450 3628 duorum
2483 3564 2783 3628 militum
2815 3574 2886 3627 et

564 3656 730 3718 dim.
842 3652 1199 3718 Gilbertus
1273 3654 1361 3714 de
1433 3652 1774 3737 Riggeby
1844 3662 2034 3716 tenet
2082 3653 2154 3716 in
2217 3652 2576 3735 Riggeby,
2628 3650 2883 3725 Walle,

563 3741 989 3824 Lissington’
1025 3748 1094 3803 et
1123 3738 1612 3822 Stalingburg⁸
1640 3739 1917 3803 feodum
1937 3738 2143 3802 unius
2163 3739 2424 3803 militis,
2481 3737 2885 3801 Willelmus

561 3831 649 3893 de
681 3829 976 3891 Panton’
1010 3836 1201 3890 tenet
1232 3826 1303 3890 in
1338 3826 1634 3890 Panton'
1669 3825 1945 3891 feodum
1977 3825 2184 3889 unius
2215 3825 2477 3889 militis.
2527 3825 2885 3888 Robertus

561 3918 649 3980 de
704 3915 924 3978 Hesel
973 3923 1163 3978 tenet
1213 3913 1283 3976 in
1337 3912 1719 3977 Schelford’
1782 3913 2060 3978 feodum
2111 3914 2318 3977 unius
2377 3912 2640 3988 militis,
2696 3912 2886 3993 quod

562 4004 919 4067 Robertus
934 3999 1120 4065 filius
1145 4000 1443 4065 Gilberti
1467 4001 1555 4064 de
1573 4020 1657 4064 eo
1682 4011 1891 4064 tenet.
1931 4001 2287 4064 Robertus
2306 3999 2394 4062 de
2415 3999 2888 4082 Hakeredeby

562 4101 631 4154 et
683 4089 993 4171 Margar’
1045 4097 1285 4151 tenent
1336 4089 1406 4151 in
1464 4088 1948 4170 Benigworth''
1993 4089 2337 4152 decimam
2382 4098 2653 4169 partem
2697 4084 2884 4148 feodi
2987 4153 3006 4164 ,

560 4178 765 4241 unius
797 4177 1057 4239 militis.
1095 4174 1433 4261 (Summa,
1467 4175 1641 4257 xijli.
1675 4175 1802 4260 VS.)

625 4298 639 4320 ¹
664 4283 934 4336 corrected
956 4284 1082 4332 srom
1106 4283 1397 4349 Laingeon’.
1817 4295 1838 4330 ⁵
1859 4283 2151 4332 Hundreda
2172 4283 2234 4331 de
2255 4279 2424 4331 struck
2445 4287 2551 4329 out.

621 4366 642 4388 ²
664 4348 935 4400 Corrected
955 4349 1082 4397 from
1116 4349 1190 4397 W
1211 4349 1355 4396 cton’.
1817 4350 1838 4382 ⁶
1861 4348 2012 4397 Read
2034 4348 2101 4412 by
2124 4348 2211 4396 the
2232 4347 2412 4396 Editor
2435 4346 2494 4394 of
2509 4343 2756 4408 Kirkby’s
2778 4359 2834 4393 as

623 4434 643 4465 3
664 4413 933 4465 Corrected
955 4414 1081 4462 from
1177 4404 1375 4461 aleton'.
1755 4413 1982 4477 Ruseby.

622 4494 643 4526 ⁴
664 4478 931 4529 Corrected
956 4478 1081 4526 from
1105 4478 1454 4543 Methemae'ng’.
1817 4489 1837 4522 ⁷
1860 4476 2090 4527 Omitted
2112 4477 2164 4526 in
2186 4475 2273 4524 the
2296 4475 2519 4538 origmal.

1353 4545 1373 4576 ⁸
1395 4543 1662 4594 corrected
1687 4545 1811 4593 from
1835 4542 2093 4592 Stabuch'.
