3187 5105
174 3093 251 3135 Fo.
270 3095 334 3144 63.

172 4114 215 4154 N
219 4114 336 4155 otice
346 4111 393 4153 of
404 4112 479 4153 the

172 4165 387 4205 collation
407 4162 455 4204 of

175 4214 388 4262 Percival,

172 4264 353 4306 brother
371 4263 419 4304 of

172 4314 373 4356 cardinal

173 4365 440 4412 ottobonus,

174 4421 220 4456 to
240 4415 314 4456 the

506 546 622 620 148
712 555 863 605 THE
894 554 1272 605 REGISTER
1297 553 1393 603 OF
1421 552 1909 604 ARCHBISHOP
1939 554 2266 602 WALTER
2296 553 2649 602 GIFFARD.

495 726 787 781 utuntur
856 725 932 778 ut
1024 714 1388 790 monialeS,
1451 715 1639 797 quod
1700 713 1771 776 in
1835 714 1994 777 aliis
2065 714 2377 797 ejusdem
2447 713 2813 796 religionis

497 804 819 866 domibus
851 822 1005 865 esse
1036 802 1289 865 dicitur
1321 802 1692 864 insuetum.
1785 801 1962 864 Item
2015 811 2444 883 compertum
2484 811 2591 863 est
2622 801 2810 882 quod

498 892 654 953 duae
683 889 1005 953 fenestrae
1036 909 1161 971 per
1208 910 1384 970 quas
1433 889 1867 952 devehuntur
1915 890 2271 952 esculenta
2324 898 2392 951 et
2441 890 2815 969 poculenta

497 977 987 1040 canonicorum
1065 986 1134 1039 et
1209 995 1721 1050 conversorum,
1798 995 1923 1057 per
1996 978 2171 1038 duas
2240 976 2580 1037 moniales
2653 994 2812 1057 quae

498 1065 826 1128 dicuntur
858 1064 1217 1145 janitrices
1258 1063 1659 1125 earumdem
1702 1062 1932 1125 minus
1973 1064 2152 1126 bene
2192 1063 2696 1137 custodiuntur,
2730 1081 2813 1124 eo

498 1153 685 1234 quod
734 1150 1128 1232 frequenter
1186 1149 1363 1212 fiunt
1412 1149 1508 1211 ibi
1573 1159 1916 1231 suspectae
1977 1148 2578 1212 confabulationes
2633 1149 2814 1211 inter

499 1239 873 1302 canonicos
904 1248 972 1300 et
1005 1256 1376 1299 conversos
1416 1256 1506 1299 ex
1537 1256 1679 1299 una
1719 1246 1917 1319 parte
1949 1247 2018 1300 et
2058 1238 2399 1300 moniales
2431 1248 2500 1299 et
2543 1255 2813 1299 sorores

499 1346 589 1389 ex
619 1326 858 1388 altera.
967 1324 1144 1386 Item
1172 1332 1628 1404 ‚compertum
1681 1334 1788 1386 est
1840 1324 2026 1405 quod
2075 1335 2278 1406 porta
2309 1344 2467 1405 quae
2498 1323 2690 1385 ducit
2721 1323 2810 1384 ad

497 1413 864 1475 ecclesiam
926 1412 1158 1474 minus
1220 1420 1421 1473 caute
1472 1412 1857 1474 custoditur
1910 1431 2036 1493 per
2095 1412 2469 1493 quemdam
2523 1429 2812 1491 puerum

500 1501 903 1576 secularem,
937 1500 1056 1581 qui
1089 1497 1428 1580 permittit
1477 1499 1741 1579 passim
1794 1498 1864 1560 in
1899 1500 2305 1580 crepusculo
2337 1497 2712 1560 canonicos
2743 1507 2814 1560 et

499 1606 872 1650 conversos
947 1586 1242 1667 ingredi,
1318 1594 1395 1647 ut
1469 1584 2003 1649 confabulentur
2052 1606 2209 1648 cum
2267 1584 2690 1648 monialibus
2743 1593 2813 1647 et

499 1674 872 1747 sororibuS,
924 1694 1082 1755 quae
1131 1681 1334 1755 porta
1379 1672 1739 1734 consuevit
1789 1693 1913 1754 per
1953 1693 2362 1736 conversum
2412 1671 2689 1733 fidelem
2746 1680 2816 1733 et

500 1773 854 1824 strenuum
894 1760 1269 1841 diligenter
1320 1759 1673 1823 custodiri.
1766 1759 1943 1822 Item
1984 1770 2417 1841 compertum
2469 1768 2574 1821 est
2624 1759 2811 1839 quod

496 1848 762 1910 familia
810 1847 1075 1910 domini
1131 1846 1427 1908 Roberti
1478 1848 1565 1908 de
1622 1846 1891 1909 Hiltun'
1946 1847 2190 1909 militis
2239 1846 2448 1910 nimis
2480 1846 2816 1908 dissolute

496 1945 798 2016 vagatur
826 1954 952 2016 per
982 1935 1358 1996 claustrum
1392 1942 1462 1996 et
1508 1934 1905 2014 parlerium,
1939 1945 2011 1997 et
2046 1935 2254 1997 valde
2305 1943 2625 2015 suspecte
2656 1952 2812 1994 cum

498 2021 923 2084 monialibus
997 2030 1067 2083 et
1142 2019 1493 2083 sororibus
1558 2018 1952 2101 frequenter
2012 2020 2566 2094 confabulantur,
2631 2021 2814 2081 unde

496 2109 781 2172 timetur
809 2108 1214 2189 periculum.
1308 2105 1445 2188 Qui
1487 2107 1768 2188 quidem
1813 2108 2169 2171 Robertus
2217 2108 2425 2171 valde
2479 2106 2816 2168 molestus

498 2205 605 2259 est
637 2195 737 2258 eis
768 2206 839 2257 et
870 2193 1199 2267 infestus;
1227 2194 1433 2270 unde,
1449 2204 1754 2294 ‘propter
1784 2194 2104 2258 timorem
2138 2193 2614 2277 oppressionis
2648 2213 2814 2268 suae,

497 2282 818 2346 canonici
849 2281 1101 2344 domus
1132 2301 1374 2363 nuper,
1410 2282 1561 2343 sine
1583 2301 1930 2345 consensu
1953 2293 2360 2356 conventuS,
2382 2280 2722 2342 dederunt
2753 2281 2815 2342 ei

497 2372 821 2432 horreum
853 2369 1138 2450 plenum
1171 2369 1403 2442 blado,
1438 2368 1525 2430 de
1555 2389 1696 2450 quo
1728 2379 2116 2432 conventus
2147 2368 2388 2431 debuit
2420 2366 2815 2430 sustentari.

499 2457 677 2520 Item
712 2465 1141 2537 compertum
1177 2465 1284 2517 est
1309 2455 1495 2536 quod
1516 2456 1835 2518 canonici
1860 2465 1930 2518 et
1956 2456 2272 2519 conversi
2298 2457 2483 2518 bona
2507 2454 2814 2517 exterius

500 2545 631 2608 sub
706 2544 936 2607 colore
1010 2542 1347 2606 custodiae
1421 2542 1769 2625 dissipant
1846 2552 1914 2606 et
2004 2551 2447 2620 consumunt,
2524 2562 2816 2623 quorum

499 2632 820 2714 quaedam
899 2630 1233 2693 custodiae
1306 2630 1714 2692 monialium
1791 2631 2134 2695 committi
2194 2628 2579 2704 consuevit,
2642 2630 2818 2691 adeo

499 2718 880 2800 quodlicet
912 2719 1099 2780 bona
1130 2718 1401 2794 domuS,
1457 2717 1515 2779 si
1564 2717 1861 2781 discrete
1915 2728 2270 2800 regantur,
2328 2715 2676 2780 sufficiant
2726 2717 2816 2778 ad

499 2805 812 2868 omniurn
845 2804 1448 2881 sustentationem,
1483 2805 1825 2868 moniales
1879 2814 2115 2868 tamen
2169 2825 2310 2867 non
2360 2805 2624 2866 habent
2676 2803 2813 2865 nisi

500 2912 754 2975 panem
816 2903 885 2954 et
946 2911 1224 2954 caseum
1287 2901 1357 2954 et
1402 2891 1798 2964 cervisiam;
1855 2892 2060 2964 binis,
2124 2902 2383 2968 tamen,
2447 2891 2694 2953 diebus
2741 2890 2813 2952 in

449 2975 453 2979 ’
500 2980 893 3043 ebdomada
983 2998 1167 3060 aqua
1258 2997 1384 3059 pro
1473 2979 1768 3041 cervisia
1877 2979 2138 3042 eisdem
2230 2978 2815 3042 subministratur.

503 3065 839 3130 Canonici
877 3086 1040 3129 vero
1072 3075 1141 3128 et
1174 3065 1279 3128 sui
1321 3066 1698 3147 complices
1748 3066 1919 3130 satis
1967 3067 2458 3129 habundanter
2510 3075 2581 3127 et
2628 3066 2817 3126 laute

500 3163 975 3236 procurantur.
1069 3152 1245 3216 Item
1279 3162 1707 3234 compertum
1741 3162 1845 3216 est
1903 3155 2089 3236 quod
2139 3155 2387 3215 domus
2440 3153 2527 3214 de
2562 3150 2819 3234 Swyne

500 3261 642 3304 non
675 3250 907 3322 potest
938 3241 1174 3323 plures
1206 3240 1546 3301 moniales
1572 3260 1694 3303 seu
1728 3260 1998 3303 sorores
2029 3261 2239 3322 quam
2285 3239 2492 3302 modo
2524 3248 2685 3301 sunt
2718 3238 2813 3300 ibi

503 3328 867 3403 sustinere,
922 3348 1005 3390 eo
1055 3327 1241 3409 quod
1284 3336 1645 3407 presentes
1694 3329 1878 3390 male
1925 3339 2385 3409 procurantur
2438 3327 2506 3389 in
2543 3345 2807 3396 mensa,

501 3424 578 3477 ut
611 3414 1084 3496 supradictum
1135 3423 1262 3491 est,
1314 3423 1382 3476 et
1437 3414 1929 3478 nichilominus
1981 3424 2295 3478 remanet
2344 3414 2592 3476 domus
2641 3413 2817 3474 obli—

501 3513 672 3585 gata
725 3502 796 3564 in
853 3512 1129 3565 centurn
1180 3510 1250 3563 et
1277 3502 1752 3583 quadraginta
1783 3502 2036 3564 marcis
2086 3503 2174 3564 ad
2209 3502 2481 3572 minus;
2537 3508 2818 3580 propter

502 3590 689 3671 quod
720 3589 1028 3652 decrevit
1078 3588 1400 3651 dominus
1434 3588 1998 3671 archiepiscopus
2031 3589 2216 3670 quod
2268 3589 2462 3650 nulla
2496 3587 2815 3649 decetero

502 3676 880 3758 recipiatur
909 3676 1169 3738 ibidem
1203 3674 1530 3738 monialis
1562 3696 1685 3738 seu
1718 3696 1911 3739 soror
1942 3675 2078 3738 nisi
2103 3676 2190 3739 de
2209 3694 2554 3738 consensu
2575 3674 2815 3755 ipsius,

503 3763 1019 3829 Correctionem
1078 3782 1244 3825 vero
1305 3763 1823 3843 premissorum,
1886 3772 2032 3825 tam
2087 3763 2554 3845 spiritualium
2607 3780 2819 3843 quarn

500 3850 1011 3932 temporalium,
1044 3869 1202 3932 quae
1233 3849 1762 3930 per-canonicos
1794 3860 1863 3913 et
1911 3861 2332 3913 conventum
2382 3846 2560 3912 infra
2609 3850 2819 3910 breve

452 3947 457 3952 ’
501 3948 780 4019 tempus
804 3947 1110 4000 correcta
1134 3956 1274 3998 non
1295 3935 1569 4012 fuerint,
1595 3937 1973 4018 sibi‚quam
2000 3938 2138 4000 cito
2158 3956 2409 4000 vacare
2429 3935 2705 4018 poterit,
2732 3934 2821 3996 de

504 4044 848 4087 consensu
879 4023 1368 4087 canonicorum
1401 4033 1472 4086 et
1502 4035 1909 4101 conventuS,
1943 4025 2339 4106 specialiter
2368 4022 2772 4086 reservavit.

590 4110 1007 4173 DLXXIX.
1118 4108 1455 4173 Sacristia
1498 4111 1729 4176 Ebor.¹
1841 4110 2218 4175 Sciendum
2254 4112 2400 4174 sive
2425 4128 2819 4193 proponen-

504 4200 670 4261 dum
704 4218 939 4260 coram
970 4197 1353 4261 venerabili
1387 4208 1606 4280 patre,
1641 4199 1925 4261 domino
1959 4197 2067 4276 O„
2096 4197 2169 4261 S.
2192 4197 2490 4261 Adriani
2524 4196 2820 4258 diacono

504 4285 864 4359 cardinali,
926 4286 1136 4368 quod,
1185 4285 1247 4347 si
1292 4304 1437 4347 suae
1500 4285 1857 4349 sanctitati
1911 4286 2364 4367 complaceat,
2429 4284 2825 4346 recordetur

503 4392 716 4455 quam
778 4373 1160 4435 liberaliter
1232 4381 1301 4434 et
1376 4373 1682 4453 benigne
1758 4374 2178 4436 contulimus
2255 4393 2381 4435 suo
2456 4388 2816 4454 germano,

173 4463 416 4515 sacristyin
504 4460 791 4523 domino
853 4459 1279 4535 Perceva110,
1335 4459 1805 4523 sacristariam
1862 4461 1931 4522 in
1984 4461 2256 4542 capella
2319 4458 2393 4523 S.
2452 4456 2699 4521 Mariae
2754 4467 2825 4519 et

173 4517 248 4557 the
262 4515 375 4565 cbap
378 4513 417 4554 el
430 4511 483 4553 of

173 4569 237 4607 St.
252 4567 380 4615 Mar)
389 4563 478 4604 and

1042 4568 1244 4618 ¹These
1266 4569 1431 4617 words
1453 4585 1535 4618 are
1559 4570 1754 4618 written
1780 4576 1829 4619 at
1855 4570 1940 4617 the
1963 4577 2053 4634 top
2076 4570 2135 4617 os
2150 4571 2217 4619 fo.
2244 4569 2323 4633 63.
