3187 5105
470 511 621 561 THE
650 509 1028 560 REGISTER
1052 509 1146 559 OF
1176 508 1666 560 ARCHBISHOP
1697 507 2026 558 WALTER
2058 505 2411 557 GIFFARD.
2506 511 2627 571 315

317 672 721 772 impositam
782 671 1149 745 sarcinam,
1230 673 1610 733 secundum
1681 670 2093 732 immensam
2155 676 2223 730 et
2286 668 2640 730 insolitam

318 760 748 823 taxationem
827 754 933 845 [a]
1000 758 1353 820 modernis
1438 757 1921 839 opinatoribus
2006 756 2474 818 introductam
2550 755 2641 816 ob

322 847 785 929 imperitatem
824 846 960 927 (stc)
1012 844 1481 920 collectorum,
1522 846 1788 926 absque
1837 843 2253 905 detrimento
2304 852 2641 922 perpetuo

322 934 792 1014 scandaloque
867 932 1257 1013 dampnoso
1343 933 1684 994 sustinere
1763 930 2100 1011 nequibit.
2196 929 2638 1004 Collectores,

322 1041 644 1102 namque,
723 1019 811 1080 ad
874 1020 1191 1080 eamdem
1255 1019 1597 1081 decimam
1659 1017 2130 1098 colligendam
2201 1016 2269 1077 in
2348 1015 2642 1077 diversis

323 1108 719 1170 diocesibus
810 1106 1174 1187 assignati,
1267 1107 1450 1168 ultra
1518 1105 1948 1169 taxationem
2016 1103 2640 1166 ecclesiasticorum

326 1189 831 1281 [reddituum]¹
903 1191 1420 1268 beneficiorum,
1514 1213 1754 1256 verum
1839 1193 2148 1254 valorem
2226 1189 2642 1252 multociens

324 1283 815 1344 excedentem²
838 1299 918 1341 ac
939 1280 1347 1341 collatorum
1372 1290 1440 1342 et
1460 1281 1723 1343 eisdem
1744 1277 2203 1340 vicinantium
2230 1276 2644 1358 juramentis

323 1367 697 1444 firmatum,
724 1365 1190 1428 estimationis
1240 1367 1460 1448 ipsius
1511 1378 1853 1449 quartam,
1893 1366 2312 1448 quandoque
2345 1364 2642 1439 tertiam,

324 1455 721 1537 frequenter
795 1453 1275 1515 taxationibus
1351 1454 1663 1516 adiciunt
1709 1451 2117 1535 prejuratis;
2185 1453 2422 1533 sicque
2484 1470 2644 1531 pos-

327 1561 652 1618 sessoreS,
709 1542 828 1621 qui
879 1541 1222 1621 possessis
1266 1541 1557 1624 integris
1612 1538 1826 1627 [vix]¹
1872 1548 2198 1622 poterunt
2247 1539 2645 1614 sustentari,

326 1631 411 1691 de
437 1649 577 1690 non
608 1627 871 1689 habitis
915 1628 1026 1689 vel
1074 1628 1334 1689 habitis
1366 1629 1709 1690 decimam
1743 1637 2055 1709 prestare
2087 1635 2450 1708 coguntur.
2528 1625 2647 1687 Ab

328 1716 590 1778 eisdem
622 1713 833 1776 etiam
866 1714 1386 1787 estimatoribus
1417 1735 1642 1798 genus
1675 1716 1992 1777 mirabile
2016 1713 2307 1777 taxandi
2330 1714 2648 1775 mirabile

330 1802 689 1884 reperitur.
754 1799 1245 1878 Beneficiatus,
1281 1810 1533 1874 autem,
1568 1802 1637 1864 in
1675 1802 1814 1864 illis
1846 1802 2207 1864 ordinibus
2229 1800 2648 1862 constitutus

331 1909 506 1972 quos
539 1886 856 1951 beneficii
892 1888 997 1949 sui
1046 1908 1210 1950 cura
1258 1889 1565 1970 requirit,
1618 1899 1688 1950 et
1729 1890 1953 1951 eidem
1991 1885 2266 1974 [etiam]
2309 1885 2650 1950 beneficio

330 1976 793 2058 personaliter
821 1976 1234 2056 obsequenS,
1270 1987 1642 2057 postquam
1677 1996 1915 2038 verum
1951 1977 2258 2037 valorem
2302 1974 2647 2038 fructuum

329 2082 716 2125 annuorum
765 2062 1079 2124 ecclesiae
1133 2063 1406 2143 juratus
1468 2064 1786 2140 edixerit,
1852 2072 2119 2126 tantam
2183 2061 2647 2142 quantitatem

330 2170 621 2212 summae
646 2150 899 2230 juratae
932 2160 1204 2211 tenetur
1259 2150 1643 2232 adjungere
1698 2162 2034 2232 quantam
2082 2150 2491 2230 capellanus
2523 2167 2650 2229 pro

331 2237 477 2300 suis
510 2236 877 2318 stipendiis
910 2236 981 2297 in
1015 2237 1260 2298 eodem
1291 2235 1633 2298 beneficio
1666 2237 1971 2318 recipere
2003 2237 2382 2299 consuevit.
2457 2235 2569 2309 Et,
2593 2235 2651 2297 si

333 2326 568 2405 plures
629 2323 1018 2405 presbiteri,
1075 2325 1165 2385 ob
1243 2324 1549 2404 amplam
1614 2325 2042 2405 parochiam,
2096 2323 2387 2386 forsitan
2450 2324 2651 2385 obse-

333 2426 635 2492 quantur
665 2412 912 2484 eidem,
948 2410 1290 2471 decimam
1336 2411 1522 2472 illius
1577 2416 1762 2492 quod
1818 2412 1889 2474 in
1936 2410 2234 2492 pecunia
2265 2421 2653 2486 numerata,

334 2497 616 2560 nomine
691 2496 1218 2579 stipendiorum,
1297 2497 1430 2578 ipsi
1507 2499 1854 2579 capellani
1918 2497 2281 2580 recipiunt,
2343 2508 2656 2579 prestare

334 2586 774 2667 compellitur
803 2583 1117 2647 ecclesiae
1164 2597 1388 2646 rector
1434 2585 1713 2647 invitus.
1809 2586 1919 2648 Ex
1952 2607 2056 2663 eo,
2090 2586 2323 2662 etiam,
2373 2586 2656 2647 insolito

337 2674 542 2733 modo
604 2673 898 2734 taxandi
962 2671 1324 2752 premissis
1407 2673 1733 2755 graviora
1809 2674 2249 2754 contingunt.
2374 2670 2658 2735 Subditi

336 2759 1018 2833 etenim‚redditibus
1039 2758 1183 2820 suis
1210 2760 1537 2821 taxandis
1564 2771 2001 2822 sacramento
2028 2760 2314 2832 astricti,
2342 2779 2497 2821 cum
2525 2760 2655 2821 sub

337 2846 573 2908 debito
622 2845 999 2926 juramenti
1064 2854 1322 2907 certam
1389 2866 1731 2907 summam
1785 2845 2109 2927 prefinire
2170 2858 2531 2928 cogantur,
2589 2856 2659 2908 et

340 2951 649 2995 asserere
680 2937 1018 2994 bonorum
1051 2935 1358 2994 valorem
1382 2953 1521 2995 non
1545 2933 1881 2996 excedere
1914 2954 2258 2996 summam
2285 2933 2502 3007 illam,
2538 2943 2658 2994 aut

335 3039 573 3081 veram
650 3020 1161 3081 estimationem
1256 3022 1657 3094 excedunt,³
1731 3038 1806 3083 ut
1883 3041 2080 3083 suam
2158 3020 2655 3083 conscientiam

337 3106 610 3168 illesam
666 3121 1099 3183 conservent,
1170 3117 1239 3169 et
1300 3107 1397 3168 sic
1460 3108 1803 3169 decimam
1857 3108 2046 3170 illius
2089 3109 2276 3189 quod
2333 3108 2402 3169 in
2453 3106 2659 3170 bonis

338 3195 740 3256 nullatenus
794 3195 1136 3274 reperitur
1188 3193 1496 3256 indebite
1549 3195 2033 3275 compellimur
2085 3197 2446 3258 exsolvere
2474 3218 2488 3267 ;
2539 3203 2660 3256 aut

338 3281 513 3343 citra
554 3300 792 3342 verum
847 3282 1156 3342 valorem
1214 3300 1715 3362 nonnunquam
1772 3291 2099 3357 moratur,
2157 3302 2282 3363 pro
2333 3302 2416 3344 eo
2448 3281 2696 3362 quod,-

341 3368 720 3430 secundum
753 3366 1180 3429 fertilitatem
1232 3376 1300 3429 et
1346 3368 1782 3430 sterilitatem
1816 3369 2244 3432 diversorum
2295 3389 2657 3445 annorum,

340 3454 691 3517 estimatio
767 3455 1161 3516 reddituum
1214 3454 1541 3530 variatur,
1613 3455 1731 3517 ubi
1786 3456 2273 3518 certitudinem
2350 3456 2657 3537 aliquam

339 3541 802 3622 peritissimus
857 3541 1085 3603 dicere
1138 3541 1581 3612 formidaret;
1649 3553 1718 3604 et
1768 3542 1866 3604 ita
1919 3542 2348 3624 frequentius
2399 3542 2660 3624 proprii

337 3629 649 3690 redditus
682 3628 1044 3690 estimator
1094 3630 1493 3709 scrupulum
1550 3629 1996 3691 conscientiae
2046 3650 2185 3692 non
2246 3630 2500 3704 evadit,
2558 3640 2662 3691 set

339 3715 662 3796 primitus
738 3727 977 3776 notam
1054 3715 1361 3797 perjurii,
1439 3727 1508 3777 et
1584 3718 2030 3797 postmodum
2127 3716 2664 3798 irregularitatis

340 3802 715 3877 maculam,
778 3803 1075 3863 latenter
1150 3803 1456 3864 incurrit.
1552 3801 2024 3883 Quamobrem
2106 3824 2417 3867 murmur
2476 3824 2663 3865 com—

344 3890 642 3951 muniter
673 3899 780 3950 est
811 3889 883 3950 in
917 3891 1123 3964 cler0,
1158 3889 1275 3970 qui
1311 3909 1437 3970 per
1479 3891 1913 3952 taxationem
1958 3891 2134 3953 alias
2167 3891 2555 3954 inauditam
2591 3890 2661 3952 in

343 3976 758 4037 immensum
794 3987 1147 4058 gravatur,
1182 3987 1251 4038 et
1293 3977 1632 4038 tumultus
1666 3978 1736 4039 in
1773 3979 2057 4058 popu10,
2092 3979 2233 4059 qui,
2268 3978 2661 4040 reddituum

342 4062 970 4124 ecclesiasticorum
1077 4063 1386 4144 ignaruS,
1497 4064 1766 4127 clericis
1875 4066 2297 4146 generaliter
2379 4063 2664 4146 perjurii

340 4160 609 4211 reatum
635 4149 1055 4230 impingunt.
1106 4150 1220 4211 Ex
1241 4150 1398 4225 hiis,
1428 4170 1618 4220 sane,
1653 4151 2122 4214 verisimiliter
2146 4162 2252 4215 est
2283 4153 2660 4214 verendum

343 4256 430 4298 ne
478 4237 618 4298 tale
664 4236 1073 4298 scandalum
1117 4237 1303 4317 apud
1336 4236 1552 4299 laicos
1590 4248 1982 4318 generetur,
2030 4259 2188 4320 quo,
2235 4239 2370 4320 ipsi
2402 4241 2662 4300 clerum

341 4323 654 4386 ecclesiae
646 4323 1094 4423 Anglicanae
1115 4322 1434 4405 perjuriis
1437 4319 1590 4424 '[et]
1614 4326 2159 4408 irregularitatib
2169 4348 2268 4403 us,
2290 4323 2660 4399 interdicti,

340 4410 823 4491 suspensionis
882 4422 952 4473 et
1013 4410 1756 4474 excommunicationis
1818 4413 2207 4476 involutum
2272 4412 2661 4489 sententiis,

605 4546 867 4595 ¹'Words
856 4562 905 4594 in
931 4546 1161 4595 brackets
1184 4545 1462 4594 interlined.
1621 4548 1778 4595 ²Exe
1796 4549 1871 4596 de'
1876 4549 1955 4597 te'.
2090 4559 2110 4590 ³
2129 4548 2404 4597 Eccedunt.
