3187 5105
511 530 663 580 THE
691 527 1070 579 REGISTER
1089 527 1184 576 OF
1214 526 1702 578 ARCHBISHOP
1733 526 2059 576 WALTER
2088 526 2442 577 GIFFARD.
2539 532 2661 592 205

351 691 558 776 Quod
599 689 919 754 canonici
959 699 1104 751 tam
1147 689 1332 750 intra
1380 708 1590 769 quam
1638 698 1840 751 extra
1877 688 2147 769 presint
2192 688 2567 765 conversiS,
2600 696 2670 750 et

350 778 669 844 conversi
717 778 987 839 nullam
1039 776 1350 838 habeant
1404 795 1614 857 super
1673 776 2049 838 canonicos
2094 775 2667 839 dominationem.

349 868 604 930 Vestes
627 874 861 927 autem
893 865 1136 926 laneas
1167 863 1476 925 habeant
1501 863 1817 925 conversi
1842 863 2153 944 ejusdem
2174 862 2446 938 coloriS,
2473 862 2671 943 cujus

351 965 421 1018 et
452 952 791 1026 canonici,
824 950 1137 1032 exceptis
1186 950 1403 1031 capiS,
1442 969 1702 1031 easque
1744 951 1830 1011 de
1861 950 2264 1012 revestiario
2306 949 2667 1031 recipiant.

353 1041 436 1103 In
480 1042 636 1103 loco
677 1047 910 1101 autem
952 1046 1428 1118 competenter
1469 1038 1833 1119 assignato
1875 1038 1976 1098 eis
2016 1035 2434 1114 reficiantur,
2468 1047 2538 1099 et
2578 1037 2668 1099 ad

353 1128 733 1190 matutinas
787 1144 944 1187 cum
997 1124 1355 1187 canonicis
1406 1133 1721 1206 surgant,
1754 1135 1843 1199 et,
1878 1133 2083 1204 prout
2135 1125 2381 1225 regula
2421 1123 2666 1205 exigit,

354 1215 614 1278 ibidem
654 1221 1184 1275 commorentur.
1278 1210 1558 1273 Fratres
1606 1220 1840 1273 autern
1884 1212 2198 1273 conversi
2246 1212 2317 1274 in
2349 1211 2670 1311 grangiis

355 1309 866 1365 commorantes
898 1299 1226 1360 carnibus
1257 1318 1396 1360 non
1431 1308 1738 1374 utantur,
1765 1298 1899 1360 nisi
1925 1317 2159 1360 coram
2190 1299 2421 1379 priore
2452 1299 2612 1360 vel
2596 1319 2669 1360 m

352 1387 707 1471 presentia
781 1386 1076 1467 alicujus
1152 1385 1492 1447 canonici.
1630 1385 2098 1447 Particulares
2172 1386 2283 1447 vel
2359 1386 2671 1467 privatas

354 1474 976 1539 commessationes
1009 1472 1079 1534 in
1104 1472 1399 1533 cameris
1430 1472 1605 1534 nulli
1639 1471 1922 1547 faciant,
1956 1472 2121 1552 quia
2154 1473 2331 1534 sicut
2362 1493 2540 1535 unus
2565 1483 2671 1535 est

353 1564 549 1626 locus
590 1561 1002 1642 quiestionis
1050 1569 1119 1621 et
1153 1559 1613 1635 dormitioniS,
1653 1559 1753 1622 ita
1805 1579 1986 1620 unus
2027 1560 2233 1621 debet
2281 1579 2436 1621 esse
2477 1561 2674 1622 locus

353 1648 769 1712 refectionis,
863 1645 1069 1728 Quod
1111 1645 1427 1708 canonici
1462 1647 1550 1708 ad
1593 1645 1754 1708 fena
1794 1646 2093 1708 levanda
2134 1648 2244 1708 vel
2287 1647 2428 1709 alia
2459 1668 2672 1729 opera

356 1737 713 1800 rusticana
743 1734 1133 1796 exercenda
1163 1753 1303 1795 non
1338 1743 1613 1795 exeant.
1671 1731 1874 1814 Quod
1908 1734 2141 1795 nullus
2173 1737 2671 1814 proprietatem

355 1825 635 1896 habeat,
684 1841 814 1884 nec
847 1821 1059 1883 etiam
1092 1820 1510 1901 depositum,
1545 1820 1680 1882 nisi
1714 1821 1800 1881 de
1832 1820 2114 1882 licentia
2146 1821 2417 1901 prioris.
2468 1820 2673 1904 Quod

356 1913 781 1973 claustruma
834 1908 1133 1971 transitu
1196 1907 1612 1969 secularium
1667 1907 2043 1988 diligenter
2096 1909 2547 1987 custodiatur,
2603 1919 2673 1972 et

357 1997 543 2080 quod
584 1996 816 2059 hostia
869 1994 1184 2057 ecclesiae
1224 2004 1293 2057 et
1335 1995 1619 2057 claustri
1664 2014 1788 2076 per
1829 1995 2152 2057 custodes
2193 1997 2457 2058 ordinis
2510 2017 2672 2078 pru-

353 2085 597 2148 denter
616 2094 684 2147 et
705 2082 1000 2146 sollicite
1021 2082 1519 2157 custodiantur,
1536 2101 1624 2143 ne
1648 2083 1804 2163 quis
1826 2081 2017 2143 horis
2040 2081 2674 2164 incompetentibus

354 2173 539 2235 intra
569 2172 681 2233 vel
714 2179 913 2232 extra
944 2168 1168 2250 possit
1200 2168 1507 2250 evagari,
1550 2169 1736 2230 unde
1778 2169 2188 2231 scandalum
2221 2172 2442 2251 possit
2484 2172 2668 2234 oriri.

356 2258 561 2341 Quod
641 2256 898 2320 infirmi
973 2258 1265 2319 honeste
1340 2264 1744 2332 tractentur,
1822 2265 1892 2317 et
1966 2256 2053 2317 de
2127 2256 2332 2319 bonis
2423 2259 2673 2322 domus

357 2345 736 2409 secundum
769 2344 919 2425 ejus
949 2341 1337 2415 facultateS‚
1371 2352 1577 2424 prout
1609 2342 1992 2405 necessitas
2033 2344 2366 2426 exegerit,
2401 2356 2673 2409 susten—

354 2442 607 2498 tentur.
700 2429 1111 2493 Inhibemus
1151 2431 1393 2502 eciam,
1427 2430 1740 2493 districte
1771 2441 1841 2490 et
1880 2427 2171 2492 firmiter
2218 2432 2671 2514 injungendO,

360 2540 448 2583 ne
479 2518 795 2583 corrodia
825 2518 1157 2595 vendant,
1191 2518 1301 2579 vel
1334 2515 1688 2599 stipendia
1720 2516 2086 2598 assignent
2118 2518 2375 2600 aliqua,
2403 2521 2674 2584 clericis

354 2608 466 2669 vel
499 2605 719 2683 laiciS,
753 2614 876 2667 aut
906 2604 1119 2666 etiam
1162 2604 1385 2686 gratis
1426 2606 1815 2667 concedant
1861 2604 2394 2687 imperpetuum,
2427 2609 2539 2671 vel
2584 2611 2673 2672 ad

355 2704 632 2776 tempus
693 2691 845 2754 sine
900 2700 1139 2754 nostro
1189 2710 1504 2756 assensu.
1599 2689 1806 2772 Quod
1859 2693 2185 2756 mulieres
2235 2694 2306 2756 in
2353 2697 2673 2780 grangiis

355 2781 476 2843 ubi
529 2779 776 2842 fratres
819 2787 1337 2841 commorantur
1377 2779 1463 2840 de
1512 2778 1835 2840 noctibus
1877 2799 2018 2842 non
2059 2791 2457 2856 morentur;
2506 2793 2575 2846 et
2614 2785 2674 2846 si

355 2867 738 2931 necessitas
799 2865 1133 2966 exegerit,
1188 2865 1368 2927 tales
1429 2864 1526 2927 ibi
1586 2864 2011 2928 famulentur
2063 2867 2152 2930 de
2204 2869 2458 2949 quibus
2532 2892 2673 2934 non

354 2955 581 3037 possit
612 2953 776 3017 oriri
818 2952 1104 3015 sinistra
1151 2952 1477 3033 suspicio.
1544 2952 1655 3014 De
1704 2952 2049 3015 decanatu
2098 2954 2196 3017 sic
2246 2957 2670 3034 ordinamus,

355 3042 542 3123 quod
575 3061 740 3103 cura
785 3048 853 3103 et
884 3038 1202 3102 custodia
1250 3038 1471 3120 ipsius
1512 3038 1895 3102 decanatus
1937 3060 2063 3121 per
2120 3062 2248 3104 nos
2318 3046 2673 3125 parrochi-

355 3129 450 3191 ali
496 3129 863 3209 capellano
939 3126 1282 3188 dictorum
1352 3127 1868 3202 canonicorum,
1936 3129 2047 3189 vel
2094 3129 2240 3205 alii,
2289 3133 2670 3195 secundum

352 3216 713 3278 arbitrium
748 3223 1058 3277 nostrum
1091 3213 1642 3287 committantur;
1691 3222 1781 3290 et,
1808 3215 1865 3276 si
1898 3215 2018 3276 alii
2051 3235 2261 3296 quam
2311 3220 2677 3299 capellano

353 3323 592 3366 eorum
626 3322 790 3364 cura
823 3301 979 3383 ipsa
1011 3301 1384 3363 commissa
1432 3299 1658 3377 fuerit,
1693 3301 2083 3364 corrodium
2117 3303 2323 3366 unius
2354 3307 2674 3370 canonici

354 3391 442 3453 de
473 3390 717 3453 eadem
751 3389 959 3450 domo
992 3388 1262 3470 integre
1294 3387 1657 3469 percipiat.
1719 3387 1837 3450 Ad
1867 3389 2040 3463 haee,
2057 3410 2183 3471 pro
2214 3393 2675 3473 reprimendis

355 3476 834 3560 potationibus
945 3473 1312 3557 superfluis
1386 3485 1455 3537 et
1534 3477 2195 3540 commesationibus
2266 3479 2677 3560 inhonestiS,

354 3563 778 3648 precipimus
832 3571 908 3625 ut
958 3582 1088 3624 nec
1134 3562 1325 3643 prior
1368 3582 1496 3624 nec
1546 3562 1864 3625 canonici
1909 3563 1979 3625 in
2032 3566 2176 3627 suis
2227 3568 2546 3649 grangiis
2589 3571 2675 3633 de

355 3662 586 3715 cetero
614 3650 878 3713 faciant
907 3649 1244 3726 braciare,
1280 3658 1385 3712 set
1427 3649 1517 3711 ad
1567 3669 1710 3725 eaS,
1744 3669 1900 3712 cum
1934 3670 2060 3733 pro
2091 3653 2340 3716 domus
2371 3655 2675 3720 utilitate

356 3739 799 3814 accesserint,
827 3737 915 3799 de
945 3737 1258 3818 prioratu
1288 3736 1685 3798 necessaria
1718 3756 1951 3800 secum
1997 3737 2256 3813 ferant3
2307 3740 2376 3803 in
2410 3742 2674 3808 eisdem

357 3846 535 3909 quas
564 3826 829 3888 habent
878 3824 952 3885 in
992 3824 1180 3886 valle
1212 3823 1609 3888 Gloverniae
1658 3825 1841 3887 ultra
1881 3846 2092 3890 unam
2141 3837 2416 3891 noctem
2467 3831 2672 3894 simul

354 3913 756 3976 nullatenus
800 3911 1172 3983 moraturi;
1222 3929 1351 3973 nec
1380 3909 1595 3973 etiam
1648 3912 1838 3992 apud
1889 3912 2238 3995 Cumpton
2287 3917 2398 3978 vel
2450 3917 2673 3982 Eston

357 4019 626 4063 moram
658 3998 921 4062 faciant
961 3997 1376 4080 longiorem,
1421 3997 1556 4061 nisi
1599 4016 1858 4079 urgens
1899 4001 2149 4064 domus
2190 4005 2573 4068 necessitas
2604 4017 2674 4070 et

356 4088 644 4150 evidens
674 4086 941 4149 utilitas
973 4086 1044 4147 id
1076 4094 1434 4167 exposcat.
1526 4084 1729 4148 Prior
1756 4105 1921 4149 vero
1952 4088 2210 4151 alicubi
2242 4090 2674 4171 profecturus

356 4194 483 4256 pro
516 4173 822 4256 negotiis
854 4175 1102 4237 domus
1145 4192 1291 4235 suae
1321 4192 1536 4235 unum
1588 4180 1938 4237 maturum
1985 4177 2397 4240 canonicum
2438 4199 2671 4244 secum

354 4263 635 4339 habeat,
690 4271 759 4324 et
791 4261 1071 4324 unicum
1105 4259 1549 4342 armigerum,
1583 4270 1787 4323 caute
1839 4281 2096 4326 cavens
2127 4284 2215 4326 ne
2264 4266 2512 4328 domus
2545 4287 2672 4332 sua

356 4349 588 4412 inutili
635 4347 923 4425 familia,
971 4350 1083 4410 vel
1128 4366 1408 4410 suorum
1462 4347 1573 4408 vel
1635 4349 2258 4414 concanonicorum
2300 4365 2668 4434 parentum

356 4435 755 4500 accessibus
786 4445 1127 4513 oneretur,
1160 4434 1271 4497 vel
1328 4434 1680 4516 aliquibus
1736 4435 1990 4499 debitis
2045 4437 2133 4500 de
2189 4449 2418 4503 cetero
2471 4437 2602 4528 a[g
2600 4440 2666 4544 J-

354 4533 703 4608 gravetur.
806 4523 984 4589 Haec
1024 4532 1258 4587 autern
1300 4531 1563 4587 statuta
1614 4522 1688 4585 in
1736 4521 1936 4587 initio
1986 4525 2355 4609 cujuslibet
2403 4530 2665 4594 mensis
