3187 5105
540 528 664 587 314
756 523 905 571 THE
940 523 1315 573 REGISTER
1339 525 1434 574 OF
1464 524 1952 576 ARCHBISHOP
1984 525 2309 575 WALTER
2340 526 2701 577 GIFFARD.

540 704 667 746 sua
698 684 1207 747 melioratione¹
1253 694 1323 747 et
1370 686 1535 748 vitae
1586 686 1954 749 honestate
2002 687 2391 750 constiterit
2431 708 2557 769 per
2598 688 2866 751 indicia

538 770 928 847 manifesta,
963 781 1032 835 et
1064 792 1107 833 a
1138 772 1343 835 nobis
1375 772 1677 855 gratiam
1710 774 2089 837 obtinuerit
2120 775 2551 855 ampliorem.

625 858 823 935 Item,
857 860 1024 940 quia
1054 856 1239 922 filius
1271 859 1612 921 Willelmi
1662 861 1749 922 de
1790 860 2167 924 Dounham
2210 862 2421 923 nimis
2452 860 2866 943 frequentur

536 945 924 1027 ingreditur
972 948 1062 1008 ad
1115 956 1385 1028 patrem
1437 967 1660 1023 suum,
1718 967 1800 1009 ac
1856 948 2038 1012 idem
2091 948 2228 1023 W.,
2263 957 2557 1029 paterno
2603 950 2863 1012 ductus

537 1031 807 1108 affectu,
842 1032 1078 1114 aliqua
1128 1054 1285 1115 quae
1323 1034 1510 1095 domi
1559 1046 1847 1115 possent
1886 1037 2218 1116 prodesse
2258 1036 2632 1098 committit
2685 1034 2857 1115 filio,

534 1121 738 1182 matri
769 1114 928 1202 quae
959 1121 1031 1182 in
1062 1121 1293 1184 vicino
1324 1122 1601 1183 habitat
1631 1121 2024 1197 deferenda,
2062 1123 2288 1203 sitque
2320 1123 2627 1204 suspicio
2660 1128 2853 1204 quod

534 1207 712 1269 sicut
743 1207 939 1269 canis
971 1208 1061 1269 ad
1113 1208 1449 1270 vomitum
1485 1209 1582 1271 ita
1615 1210 1853 1271 redeat
1884 1211 1974 1271 ad
2005 1220 2391 1291 peccatum,
2425 1210 2859 1291 precipimus

531 1296 719 1374 quod
768 1295 951 1356 idem
1002 1315 1144 1356 una
1197 1315 1352 1357 cum
1409 1296 1567 1358 aliis
1614 1297 1993 1359 claustrum
2039 1316 2179 1359 non
2233 1307 2458 1373 exeat,
2512 1298 2636 1359 sed
2682 1317 2853 1359 con—

531 1390 815 1444 ventum
881 1394 1212 1462 sequatur
1258 1390 1335 1444 ut
1394 1383 1613 1457 decet,
1678 1383 1900 1446 donec
1964 1384 2267 1465 suspicio
2318 1384 2855 1448 incontinentia-z·

529 1468 929 1549 hujusmodi
962 1469 1242 1549 penitus
1275 1467 1645 1531 auferatur.

618 1556 730 1629 Et,
793 1556 1116 1638 quamvis
1175 1556 1353 1618 alios
1414 1557 1500 1618 de
1561 1566 1908 1619 conventu
1973 1577 2181 1639 super
2226 1557 2542 1638 pluribus
2596 1558 2853 1620 merito

529 1643 944 1726 redarguere
1005 1644 1387 1719 valeamuS‚
1446 1643 1578 1706 hoc
1656 1654 1889 1706 tamen
1959 1647 2089 1707 sub
2151 1663 2275 1725 spe
2336 1643 2849 1707 meliorationis

528 1729 911 1793 differimus
943 1730 1077 1792 ista
1122 1731 1295 1805 vice,
1342 1730 1412 1791 in
1467 1730 1775 1793 Domino
1829 1729 2155 1793 fiduciam
2206 1731 2604 1793 obtinentes
2657 1733 2853 1811 quod

528 1817 774 1899 religio
799 1826 867 1879 et
898 1818 1229 1879 honestas
1255 1828 1325 1879 et
1348 1818 1759 1898 obsequium
1792 1816 2165 1881 Altissimo
2197 1817 2545 1899 placabile
2574 1817 2852 1900 vigebit

528 1905 846 1967 decetero
892 1924 1109 1986 penes
1158 1903 1370 1985 ipsos,
1464 1904 1921 1985 Precipimus‚
1979 1906 2236 1986 itaque,
2294 1905 2364 1966 in
2416 1904 2724 1966 Domino
2773 1917 2857 1968 ut

528 2011 673 2053 suae
725 1991 1176 2073 professionis
1219 1992 1533 2072 regulam
1584 2000 1825 2054 curent
1861 2011 1975 2055 ‚ex
2022 1992 2257 2054 animo
2310 1992 2724 2063 observare;
2774 1992 2852 2054 in

526 2078 851 2141 omnibus
882 2080 1074 2160 ipsos
1105 2078 1676 2160 contingentibus
1708 2079 1941 2141 taliter
1973 2099 2048 2141 se
2078 2080 2420 2140 habentes
2451 2079 2638 2158 quod
2672 2079 2854 2140 odor

526 2164 730 2227 samae
763 2185 907 2227 suae
938 2165 1269 2247 preterita
1300 2165 1471 2227 vitia
1519 2164 1787 2228 auferat
1837 2177 1906 2227 et
1956 2175 2321 2247 expurget,
2355 2174 2432 2226 ut
2462 2184 2506 2225 a
2537 2163 2851 2228 Domino

524 2252 825 2333 gratiam
860 2253 929 2315 in
964 2252 1269 2334 presenti
1295 2252 1626 2333 consequi
1648 2263 2044 2314 mereantur
2074 2263 2142 2313 et
2168 2251 2466 2334 gloriam
2492 2250 2563 2312 in
2587 2249 2843 2315 futuro,

526 2339 917 2402 Statuimus
949 2349 1181 2401 autem
1215 2350 1284 2401 et
1332 2338 1777 2420 precipimus,
1828 2337 2119 2400 firmiter
2150 2332 2620 2419 injungent'eS,
2655 2342 2849 2420 quod

524 2425 732 2507 prior,
788 2427 906 2507 qui
962 2446 1088 2509 pro
1139 2435 1454 2507 tempore
1512 2425 1737 2503 fuerit,
1790 2437 1856 2488 et
1906 2434 2291 2487 conventus
2337 2424 2648 2487 totaliter
2691 2426 2849 2489 haec

522 2514 835 2595 predicta
918 2515 1289 2576 observent
1362 2532 1445 2576 ac
1519 2511 1781 2576 faciant
1856 2512 2232 2587 observari,
2295 2532 2386 2582 ne
2447 2512 2537 2574 ad
2598 2531 2843 2576 eorum

522 2601 1080 2684 neggligentiam
1123 2602 1233 2662 vel
1280 2611 1756 2682 contemptum
1790 2600 2007 2662 artius
2053 2600 2484 2681 puniendum
2517 2611 2846 2680 oporteat

523 2708 650 2750 nos
684 2708 966 2750 manum
1000 2707 1351 2768 apponere
1383 2689 1798 2768 graviorem.
1832 2687 1996 2749 Dat.
2024 2687 2138 2749 die
2162 2698 2231 2748 et
2264 2705 2451 2748 anno
2483 2688 2840 2767 predictis,

194 2803 380 2855 Fauo.
608 2774 1128 2839 DCCCCXIII.
1223 2770 1366 2860 [No
1430 2771 1630 2860 dateJ.
1744 2775 1978 2836 Letter
2039 2785 2111 2836 to
2165 2793 2349 2854 pope
2402 2773 2745 2836 Innocent
2799 2797 2848 2836 v

520 2861 694 2923 from
753 2862 1048 2938 Robert‚
1098 2862 1519 2941 archbishop
1574 2860 1652 2921 of
1694 2860 2147 2944 Canterbury,
2203 2860 2412 2939 John,
2468 2860 2721 2942 bishop
2775 2861 2857 2924 of

520 2949 835 3023 London,
870 2950 1009 3010 and
1042 2949 1105 3010 N
1112 2949 1398 3022 icholas‚
1431 2948 1685 3028 bishop
1712 2947 1792 3008 of
1810 2947 2277 3022 Winchester,
2311 2948 2453 3009 and
2484 2948 2603 3009 the
2634 2949 2841 3011 other

520 3034 916 3116 suffragans
948 3034 1026 3096 of
1064 3036 1183 3097 the
1216 3055 1408 3096 same
1462 3035 1906 3115 archbishop,
1940 3037 2080 3097 and
2117 3033 2291 3096 from
2347 3036 2465 3096 the
2497 3035 2740 3118 clergy
2773 3035 2857 3098 of

519 3124 637 3185 the
669 3122 999 3204 province
1030 3121 1108 3184 of
1132 3121 1587 3204 Canterbury,
1625 3122 2077 3203 announcing
2109 3123 2226 3183 the
2249 3122 2738 3203 appointment
2772 3123 2856 3185 of

518 3221 814 3272 masters
843 3210 1026 3289 John
1062 3210 1147 3271 de
1181 3209 1592 3291 Ponteseye,
1629 3208 1878 3290 Henry
1908 3209 1995 3270 de
2029 3209 2352 3271 Haukele
2384 3209 2525 3270 and
2560 3208 2842 3272 Walter

516 3297 604 3359 de
636 3297 984 3360 Lechlade
1016 3317 1095 3358 as
1127 3296 1306 3358 their
1337 3306 1650 3378 proctors
1675 3304 1748 3357 at
1780 3295 2213 3443 thefiRoman
2249 3295 2506 3358 Court.²

187 3408 466 3461 complaints
603 3382 1113 3448 DCCCCXIV.
1207 3382 1539 3463 Subjecta
1572 3382 1850 3444 devotio
1938 3382 2144 3458 lialis,
2201 3402 2244 3444 a
2297 3393 2665 3463 parentum
2716 3385 2840 3445 ad-

187 3459 488 3512 ⁰s²¹³⁶w²yin
518 3471 1105 3534 ministratoribus
1140 3480 1383 3533 contra
1435 3470 1642 3531 ritum
1677 3469 1972 3550 posteris
2019 3469 2333 3531 debitum
2389 3481 2838 3551 pregravata,

187 3510 326 3551 which
347 3510 421 3552 the

186 3560 420 3652 'remi'edb
517 3558 887 3641 ingruente
942 3557 1359 3619 necessitate
1412 3556 1673 3637 pluries
1727 3564 2091 3638 paternam
2148 3553 2585 3618 affectionem
2638 3557 2837 3620 adire

186 3625 488 3703 ῗιῖἒῃςοαηζῑι
518 3646 977 3727 compellitur,
1041 3664 1426 3728 congruum
1485 3662 1694 3724 super
1747 3643 2200 3724 oppressione
2268 3643 2668 3724 hujusmodi
2730 3665 2839 3707 re—

184 3710 233 3750 os
245 3711 404 3762 Lyons.
422 3712 465 3753 fo

184 3728 489 3803 therenefof‘
517 3735 820 3796 medium
876 3731 1198 3813 petitura.
1292 3731 1555 3804 CleruS‚
1601 3729 1967 3812 siquidem,
2024 3729 2337 3791 ecclesiae
2383 3730 2833 3812 Anglicanae,

184 3811 401 3906 {ffnfffl'g'
516 3821 625 3883 cui
705 3820 1040 3902 prestatio
1100 3819 1390 3881 decimae
1456 3817 1817 3880 curriculis
1877 3837 2004 3879 sex
2063 3835 2402 3878 annorum
2469 3816 2539 3879 in
2601 3817 2840 3881 Terrae

182 3911 338 3954 'wied-
515 3906 797 3971 Sanctae
859 3906 1245 3969 subsidium
1330 3906 1799 3966 convertenda
1861 3924 1986 3985 per
2043 3902 2266 3965 felicis
2334 3905 2841 3969 recordationis

514 3992 597 4060 G.
654 4014 911 4077 papam
988 3994 1059 4054 in
1138 3992 1451 4056 Concilio
1527 3990 2036 4072 Lugdunensi-'u
2074 3989 2204 4052 fuit
2265 4011 2486 4071 nuper
2546 3992 2836 4068 indicta,

509 4082 725 4145 tantis
757 4091 826 4144 et
855 4081 1115 4144 talibus
1148 4079 1732 4161 inpresentiarum
1768 4078 2096 4140 oneribus
2137 4079 2604 4155 conculcatur,
2639 4083 2836 4159 quod

573 4229 589 4251 ¹
612 4218 980 4266 Molebratzbne.
1722 4211 1876 4260 dated
1902 4212 2025 4259 Feb.
2053 4224 2127 4274 13,
2168 4222 2287 4272 1277
2324 4212 2522 4275 (Papal
2542 4212 2754 4272 Lenem,
2782 4215 2839 4272 i.‚

571 4285 720 4331 ²The
742 4282 906 4345 object
945 4280 1004 4328 of
1032 4279 1131 4327 this
1163 4278 1392 4341 embassy
1428 4292 1530 4324 was
1563 4283 1620 4324 to
1722 4277 1834 4338 463,
1874 4277 1972 4324 and
2017 4277 2093 4323 Le
2134 4276 2370 4341 Registre
2415 4278 2477 4325 de
2518 4278 2659 4341 Jean
2710 4280 2835 4339 xxi„

507 4356 697 4412 protest
736 4346 931 4408 against
989 4344 1076 4393 the
1132 4343 1357 4405 rigorous
1413 4357 1520 4404 way
1565 4342 1619 4388 in
1722 4358 1771 4405 p.
1798 4345 1898 4403 34).

508 4413 670 4463 which
694 4411 778 4460 the
816 4410 1078 4460 conectors
1101 4409 1160 4457 os
1190 4407 1275 4456 the
1311 4405 1480 4455 Tenth
1516 4406 1618 4454 had
1785 4417 1805 4448 3
1826 4404 1935 4454 The
1955 4405 2165 4454 Council
2188 4406 2247 4454 os
2263 4406 2434 4469 Lyons
2458 4413 2535 4454 sat
2554 4407 2681 4455 from
2707 4410 2835 4474 May

505 4476 710 4528 exacted
735 4475 820 4525 the
843 4483 943 4524 tax.
1012 4473 1119 4523 The
1152 4471 1332 4537 Pope's
1353 4486 1544 4521 answer
1575 4470 1618 4518 is
1724 4478 1823 4584 ζέω
1845 4469 1966 4534 July
1994 4482 2066 4532 17,
2097 4469 2395 4533 1274‚when
2415 4471 2640 4537 Gregory
2656 4489 2704 4520 x.
2727 4490 2834 4523 was

1766 4551 1877 4599 ope.
