3187 5105
133 3243 420 3286 Testimonial

134 3295 280 3356 letter·

481 531 595 602 164
690 540 840 589 THE
872 540 1250 589 REGISTER
1275 539 1370 589 OF
1398 539 1890 590 ARCHBISHOP
1918 541 2245 592 WALTER
2277 543 2632 595 GIFFARD.

475 699 1001 765 Cantuariensis
1076 700 1389 763 ecclesiae
1449 700 1909 783 prejudicium
1986 721 2126 766 non
2187 722 2581 785 possumuS,
2662 725 2792 769 nec

475 788 875 865 debeamuS,
953 787 1173 850 oculis
1250 788 1786 851 conniventibus
1838 789 2302 871 pertransire3
2379 792 2793 856 auctoritate

473 875 814 958 premissa
890 874 1376 938 discretionem
1451 884 1757 937 vestram
1848 894 2232 955 monemus,
2315 898 2645 961 rogamus
2718 891 2787 943 et

471 963 831 1025 hortamur
905 962 977 1024 in
1054 961 1360 1025 Domino
1437 962 1768 1043 quatinus
1828 962 2224 1046 diligenter,
2286 975 2362 1028 ut
2440 968 2786 1043 convenit,

473 1049 914 1113 attendentes
988 1068 1198 1130 quam
1275 1048 1743 1130 periculosum
1819 1062 1946 1126 est,
2024 1052 2381 1115 canonicis
2442 1054 2782 1117 institutis

471 1147 731 1200 temere
791 1135 1163 1211 obviando,
1225 1136 1538 1199 ecclesiae
1599 1136 1993 1200 libertatem
2057 1139 2453 1221 infringere,
2504 1140 2788 1218 violare,

471 1234 540 1287 et
571 1224 956 1286 diminuere
986 1223 1095 1284 vel
1129 1224 1409 1285 turbare
1456 1223 1774 1298 scienter,
1823 1236 1891 1287 et
1922 1236 2207 1307 propter
2234 1227 2385 1289 haec
2419 1229 2787 1291 sententiis

469 1309 1267 1374 excommunicationum
1343 1311 1628 1373 involvi.
1771 1310 1993 1375 Vobis
2052 1322 2291 1376 tenore
2351 1316 2777 1395 presentium

470 1398 888 1474 inhibemuS,
921 1398 1049 1459 sub
1080 1416 1265 1479 pena
1311 1397 1766 1460 districtionis
1811 1400 2191 1476 canonicae,
2224 1400 2295 1462 in
2327 1420 2454 1463 vos
2484 1403 2784 1484 publice,

470 1487 528 1549 si
583 1505 761 1567 opus
808 1483 1036 1560 fuerit,
1089 1484 1644 1567 promulgandae,
1695 1504 1783 1546 ne
1831 1486 2198 1550 occasione
2257 1489 2572 1569 predicta
2629 1510 2784 1572 pre-

467 1573 730 1637 dictum
792 1572 1197 1654 episcopum
1277 1571 1664 1634 molestetis
1739 1592 1867 1634 nec
1937 1573 2400 1656 distringatis,
2474 1586 2578 1639 set
2658 1595 2785 1639 nec

467 1662 696 1743 ipsum
737 1658 1062 1740 distringi
1097 1658 1208 1720 vel
1252 1659 1608 1721 molestari
1661 1678 1785 1740 per
1820 1659 2126 1741 judicem
2168 1671 2474 1725 vestrum
2520 1663 2590 1725 in
2634 1662 2784 1726 foro

465 1748 686 1831 regali
739 1747 851 1810 vel
907 1744 1201 1808 seculari
1256 1745 1670 1818 decernatiS,
1727 1756 1847 1809 aut
1895 1757 2235 1828 quantum
2291 1749 2362 1811 in
2412 1750 2613 1812 vobis
2673 1763 2779 1814 est

463 1833 909 1917 permittati5‚
944 1842 1050 1895 set
1095 1832 1327 1913 potius
1375 1832 1733 1895 desistatis
1766 1835 1858 1896 ab
1889 1835 2079 1897 omni
2129 1835 2394 1918 judicio
2447 1838 2557 1899 vel
2616 1857 2779 1900 con-

465 1922 884 1985 sideratione
915 1938 1041 2002 per
1070 1921 1257 2001 quod
1288 1921 1398 1982 vel
1431 1938 1643 2001 quam
1675 1920 2078 2002 prejudiciis
2123 1922 2494 2005 episcopus
2535 1936 2779 2005 posset

463 2009 534 2071 in
568 2009 703 2072 isto
735 2008 1021 2090 negotio
1054 2006 1431 2081 molestari,
1466 2015 1585 2068 aut
1620 2006 1692 2068 in
1730 2026 2032 2089 persona
2063 2010 2175 2072 vel
2206 2011 2408 2073 terris
2463 2030 2586 2074 seu
2618 2012 2777 2075 aliis

464 2096 607 2159 suis
667 2097 874 2158 rebus
934 2094 1156 2176 regali
1228 2093 1641 2156 auctoritate
1712 2093 2084 2179 distringi;
2162 2096 2475 2180 alioquin
2538 2099 2777 2162 sciatis

463 2184 649 2265 quod
682 2192 925 2245 contra
944 2201 1091 2256 voS,
1118 2180 1395 2262 justitia
1420 2181 1794 2257 mediante,
1821 2183 2232 2246 canonicam
2265 2187 2783 2248 excercebimus

463 2271 821 2347 ultionem,
849 2269 1155 2332 maxime
1181 2287 1337 2330 cum
1358 2267 1672 2349 predicto
1703 2268 1988 2332 domino
2012 2270 2162 2353 regi
2197 2280 2456 2347 nostro,
2484 2271 2572 2335 de
2595 2273 2781 2336 dicto

463 2357 747 2420 domino
809 2358 1140 2437 episcopo
1188 2354 1664 2436 conquerenti,
1728 2357 2140 2419 auctoritate
2200 2355 2781 2447 metropoli[ti]ca

465 2445 683 2508 simus
713 2443 1043 2507 exhibere
1073 2440 1300 2522 parati
1328 2441 1620 2521 justitiae
1651 2444 2259 2525 complementum.

551 2530 851 2597 DCXII.
947 2550 977 2610 7
1043 2528 1184 2591 kal.
1260 2526 1428 2608 Julii
1506 2527 1711 2612 (June
1789 2550 1890 2610 25,
1978 2529 2187 2616 1²70)·
2279 2530 2776 2616 Biggleswade

465 2618 989 2706 (Bicheswade).
1082 2615 1398 2679 Richard
1428 2617 1515 2678 de
1547 2614 2018 2696 Gravesende,
2051 2618 2306 2700 bishop
2338 2619 2418 2683 of
2453 2620 2769 2696 Lincoln,

462 2720 535 2771 to
554 2709 674 2770 the
696 2703 1139 2785 archbishop.
1169 2702 1542 2766 Disorders
1561 2704 1744 2767 have
1767 2705 1979 2768 taken
2004 2706 2207 2788 place
2229 2706 2299 2767 in
2323 2708 2442 2769 the
2467 2728 2786 2792 nunnery

462 2793 537 2858 of
562 2793 830 2856 Elstow
862 2790 1329 2875 (Eluestowe),
1364 2789 1436 2851 in
1466 2791 1694 2854 which
1728 2794 1846 2855 the
1876 2793 2133 2855 abbess
2162 2793 2301 2856 and
2332 2814 2510 2878 your
2542 2796 2747 2859 sister
2769 2804 2783 2826 ¹

460 2901 577 2945 are
608 2878 1014 2943 concerned.
1105 2876 1243 2939 We
1295 2877 1437 2940 will
1488 2888 1751 2941 correct
1803 2881 1993 2942 them
2046 2878 2279 2964 firmly
2331 2882 2457 2946 but
2509 2883 2776 2967 quietly

460 2978 579 3031 out
639 2965 718 3030 of
766 2964 1019 3047 regard
1079 2972 1153 3025 to
1220 2983 1358 3046 you
1419 2964 1559 3026 and
1614 2985 1787 3048 your
1844 2966 2129 3030 brother
2189 2967 2332 3047 (the
2390 2970 2646 3052 bishop
2706 2969 2785 3033 of

460 3055 901 3137 Worcester).
996 3050 1309 3134 (Printed
1353 3051 1423 3114 in
1474 3050 1734 3115 Letters
1760 3049 1953 3136 from
2001 3053 2348 3118 Northern
2407 3055 2771 3141 Registers,

459 3141 888 3293 ΡἸἰῦὶξὲοΧΙΠ
982 3224 1064 3287 In
1096 3225 1403 3288 crastino
1432 3223 1961 3308 Assumptionis
1986 3226 2159 3292 B.V.
2188 3228 2399 3314 (Aug.
2437 3229 2558 3315 16),
2592 3251 2773 3311 1270.

463 3315 802 3380 London'.
894 3312 1161 3376 Littera
1226 3311 1721 3377 testimonialis
1788 3315 2190 3377 testamenti
2250 3317 2515 3379 domini
2567 3317 2658 3380 A.
2710 3320 2779 3381 la

330 3409 404 3487 ⁰2
465 3403 790 3468 Szusche.
883 3400 1134 3462 Pateat
1176 3398 1593 3482 inspecturis
1623 3402 1812 3482 quod
1844 3421 1991 3478 n05,
2029 3400 2166 3479 W„
2198 3412 2353 3480 etc.,
2385 3414 2777 3486 presentem

465 3491 900 3572 scripturam,
974 3486 1139 3549 huic
1213 3485 1539 3549 videlicet
1634 3487 1993 3570 scripturae
2065 3508 2191 3571 per
2266 3490 2485 3573 sigilli
2561 3493 2777 3555 nostri

463 3577 976 3661 appositionem
1009 3591 1383 3647 annexam,
1406 3593 1545 3636 non
1571 3576 2053 3652 cancellatam,
2086 3595 2226 3640 non
2260 3577 2618 3653 abolitam,
2650 3599 2777 3642 nec

462 3666 535 3728 in
611 3664 849 3746 aliqua
925 3661 1032 3726 sui
1107 3669 1306 3744 parte
1380 3661 1709 3723 viciatam
1785 3660 2082 3725 fideliter
2155 3664 2598 3746 inspexisse;
2665 3667 2774 3729 cui

466 3753 825 3834 scripturae
870 3750 1106 3833 sigilla
1138 3746 1359 3830 ipsius
1389 3749 1766 3822 testatoris,
1801 3751 2101 3813 dominae
2134 3751 2397 3828 Elenae,
2426 3755 2776 3835 quondam

463 3839 702 3903 uxoris
777 3857 943 3912 suae,
1005 3835 1270 3898 domini
1330 3833 1674 3898 Willelmi
1732 3837 1803 3899 la
1864 3834 2191 3915 Szusche,
2252 3837 2486 3901 fratris
2562 3840 2779 3922 ipsius

464 3926 841 3999 testatoriS,
888 3922 1154 3986 domini
1200 3921 1493 4005 Rogeri,
1539 3920 1667 3985 filii
1734 3925 2088 3988 testatoris
2134 3926 2469 4008 ejusdem,
2517 3929 2778 3991 domini

465 4013 789 4078 Nicholai
821 4013 908 4074 de
939 4009 1283 4085 vallibus,
1334 4009 1598 4087 militis,
1630 4009 1972 4090 Johannis
2017 4013 2104 4075 de
2137 4012 2493 4092 Oxindon,
2524 4015 2777 4092 clerici,

464 4097 788 4166 novimus
842 4108 911 4161 et
941 4097 1241 4160 vidimus
1295 4116 1634 4179 appensa,
1683 4108 1752 4161 et
1801 4118 1892 4162 ex
1940 4101 2379 4164 habundanti
2435 4102 2773 4164 bonorum

463 4189 790 4264 virorum,
866 4187 1313 4248 honestorum
1370 4194 1580 4268 atque
1656 4183 1990 4264 fidelium,
2052 4207 2260 4270 super
2320 4188 2642 4251 omnibus
2703 4189 2774 4251 in

464 4283 851 4340 memorata
910 4271 1251 4353 scriptura
1310 4272 1678 4347 contentis,
1742 4277 1927 4356 quod
1988 4275 2076 4336 de
2134 4274 2357 4355 ipsius
2425 4276 2779 4338 testatoris

462 4361 929 4448 processerint
989 4359 1347 4421 voluntate
1406 4360 1795 4442 recepimus
1837 4360 2255 4442 juramenta.
2350 4362 2433 4425 In
2487 4382 2776 4443 quorum

530 4510 541 4531 ¹
570 4497 742 4546 Mabel
796 4493 1006 4549 Gifsard,
1062 4508 1158 4542 one
1201 4493 1261 4541 os
1301 4493 1385 4542 the
1430 4494 1567 4543 arch·
1672 4493 2018 4559 Shastesbury.
2124 4495 2416 4558 (Thomas's
2493 4497 2777 4556 Wmester,

465 4562 691 4626 bishop’s
747 4561 933 4616 sisters,
1005 4557 1210 4608 became
1277 4558 1457 4607 abbess
1514 4559 1575 4606 os
1666 4560 1936 4625 appendix,
1962 4575 2048 4625 pp.
2076 4559 2234 4627 78·9).
