3187 5105
220 1364 490 1414 Agroemcnt

220 1416 415 1455 between
436 1415 509 1455 the

219 1472 410 1505 convent
429 1465 478 1503 of

220 1515 339 1555 luith
354 1514 441 1555 and
454 1516 525 1555 Sir

224 1566 345 1605 ww.
365 1565 422 1605 de

220 1616 257 1656 C
264 1629 382 1666 rcssy
409 1630 459 1653 as
476 1622 523 1655 to

222 1665 355 1706 titbes
373 1666 460 1706 and

220 1716 455 1757 oblatious.

220 4252 295 4292 1²0.
317 4251 431 4301 ind,
449 4252 520 4293 128

217 4352 294 4392 1³0.
321 4351 417 4391 128d

552 506 669 565 294
766 500 913 547 'nlla‘
946 499 1321 549 REGIS'I'ER
1346 500 1439 548 of
1470 499 1957 549 ARCHBISIIOP
1988 499 2312 549 WALTER
2348 500 2705 549 GIFFARD.

548 659 785 723 omnia
836 680 994 742 quae
1069 659 1287 722 nostri
1363 659 1570 721 officii
1647 659 1960 722 debitum
2014 661 2357 742 respicere
2409 659 2877 724 dinoscuntur

550 749 929 810 secundum
1007 756 1271 809 statuta
1344 746 1687 809 canonica
1761 766 2122 810 excercere
2197 757 2266 810 et
2343 748 2520 829 juris
2603 749 2868 811 tramiti

550 833 972 916 mancipare,
1021 833 1330 895 decimas
1375 834 1461 895 de
1515 834 1720 896 dictis
1771 833 2001 896 landis
2038 834 2529 915 provenientes
2578 837 2872 917 capellae

550 920 637 982 de
708 921 1073 996 Stoketon,
1150 921 1523 1002 pertinenti
1602 921 1692 983 ad
1768 921 2195 1001 prebendam
2273 922 2360 984 de
2436 921 2866 1004 Bogthorpe‚

551 1009 963 1071 auctoritate
994 1009 1368 1070 diocesana
1399 1007 1667 1090 inperp.
1703 1007 2030 1069 duximus
2062 1009 2532 1090 assignandas
2560 1032 2575 1081 ;
2625 1008 2695 1070 in
2729 1008 2866 1071 Dei

551 1096 831 1158 nomine
907 1105 1293 1157 statuentes
1367 1094 1554 1176 quod
1630 1094 1834 1157 dictae
1889 1095 2179 1176 capellae
2253 1094 2554 1157 fideliter
2614 1095 2870 1157 dentur

550 1182 838 1245 decimae
888 1191 1311 1245 memoratae.
1407 1180 1486 1243 In
1536 1182 1733 1263 cujus
1794 1180 1890 1243 rei
1954 1192 2111 1244 test.
2176 1182 2488 1264 sigillum
2551 1194 2863 1245 nostrum

551 1270 811 1352 apponi
844 1268 1133 1332 fecimus
1163 1269 1325 1331 huic
1352 1268 1631 1350 script0.

638 1354 1340 1421 DCCCLXXXVII.
1433 1360 1470 1417 6
1547 1354 1704 1417 idus
1779 1354 1989 1437 Augu,
2071 1354 2281 1438 (Aug.
2347 1360 2432 1439 8),
2506 1361 2687 1435 1276.
2782 1355 2861 1416 In

551 1444 848 1507 ecclesia
876 1443 964 1505 de
998 1442 1225 1505 Blida.
1321 1442 1533 1506 Mem.
1566 1442 1777 1523 quod,
1811 1461 1967 1504 cum
2001 1442 2182 1504 inter
2210 1442 2533 1505 dominos
2565 1443 2862 1523 priorem

549 1541 619 1593 et
639 1540 1056 1594 conventum
1082 1530 1168 1591 de
1189 1529 1417 1604 Blida,
1440 1549 1531 1590 ex
1553 1538 1753 1609 parte
1772 1548 1932 1604 una,
1959 1539 2028 1591 et
2047 1529 2406 1592 dominum
2426 1528 2863 1592 Willelmum

551 1620 637 1680 de
670 1620 943 1699 Cressy,
979 1616 1293 1687 militem,
1338 1626 1406 1678 et
1454 1635 1617 1678 suos
1671 1616 2072 1689 servientes,
2115 1635 2206 1678 ex
2258 1616 2499 1691 altera,
2551 1616 2622 1679 in
2675 1616 2867 1678 curia

490 1714 513 1735 ⁸
550 1705 759 1768 Ebor.
793 1715 862 1767 et
894 1704 964 1766 in
998 1703 1208 1765 curiis
1239 1702 1607 1765 laicalibus
1655 1702 1868 1765 variae
1917 1712 1986 1765 et
2034 1702 2328 1765 diversae
2377 1704 2868 1766 controversiae

551 1811 758 1873 super
788 1790 1001 1854 variis
1032 1800 1102 1853 et
1133 1790 1427 1852 diversis
1478 1789 1790 1851 articulis
1830 1789 1995 1851 hinc
2050 1790 2213 1852 inde
2244 1789 2625 1871 propositis
2657 1801 2867 1853 motae

548 1877 869 1949 fuissent3
891 1878 1196 1952 tandem,
1212 1876 1682 1938 mediantibus
1703 1876 2084 1939 venerabili
2105 1886 2326 1958 patre,
2341 1876 2869 1959 archiepiscopo

552 1965 779 2042 Ebor„
812 1963 1093 2045 Angliae
1125 1964 1445 2044 primate,
1479 1976 1549 2024 et
1599 1962 1780 2036 aliis,
1833 1963 1920 2025 lis
1970 1964 2151 2026 inter
2181 1983 2301 2026 eos
2351 1964 2752 2044 conquievit
2795 1964 2866 2025 in

546 2053 732 2115 hune
781 2053 1108 2114 modum:
1157 2050 1506 2126 videlicet,
1541 2051 1748 2130 quod,
1782 2049 2093 2112 remissis
2144 2050 2310 2113 hinc
2370 2051 2532 2113 inde
2594 2050 2870 2132 injuriis

548 2140 1029 2219 undecumque
1060 2137 1297 2212 illatis,
1352 2156 1624 2199 necnon
1676 2148 1742 2198 et
1795 2136 2187 2199 actionibus
2220 2139 2311 2199 ab
2343 2149 2635 2219 utraque
2666 2148 2871 2219 parte

550 2227 617 2288 in
651 2226 861 2288 curiis
892 2224 1184 2286 diversis
1207 2224 1588 2298 intentatis,
1624 2223 1976 2305 predictus
2007 2224 2331 2286 dominus
2354 2225 2470 2288 W.
2493 2227 2578 2287 de
2612 2225 2870 2307 Cressy

548 2314 615 2375 in
652 2312 788 2376 fide
821 2333 947 2389 sua
978 2330 1210 2373 coram
1244 2311 1429 2373 dicto
1460 2321 1659 2391 patre
1691 2310 2009 2392 promisit
2041 2312 2228 2392 quod
2261 2312 2597 2386 decetero,
2632 2331 2758 2392 per
2790 2333 2869 2373 se

549 2401 656 2462 vel
690 2420 813 2481 per
844 2400 1080 2473 alium,
1116 2398 1338 2459 dictos
1387 2398 1687 2478 priorem
1721 2409 1789 2459 et
1843 2408 2260 2460 conventum
2316 2397 2404 2460 de
2460 2398 2670 2460 Blida
2723 2418 2865 2461 non

547 2487 967 2560 molestabit,
1030 2504 1156 2547 nec
1218 2484 1551 2566 impediet
1608 2485 1677 2545 in
1754 2484 2163 2546 collectione
2240 2485 2693 2547 decimarum¹
2750 2486 2864 2547 vel

547 2575 927 2638 cariatione
1002 2573 1402 2636 earumdem
1464 2591 1589 2653 per
1662 2591 2010 2653 campum,
2072 2591 2382 2654 parcum,
2461 2585 2736 2654 pratum
2798 2584 2871 2635 et

547 2662 739 2738 alibi,
794 2661 1211 2741 ubicumque
1271 2659 1437 2721 dicti
1498 2658 1688 2739 prior
1748 2673 1817 2721 et
1883 2669 2269 2721 conventus
2331 2679 2495 2721 suas
2556 2660 2869 2722 decimas

549 2749 877 2831 colligere
908 2758 977 2810 et
1008 2747 1270 2809 cariare
1302 2747 1557 2808 debent
1601 2756 1669 2807 et
1711 2757 2239 2820 consueverunt,
2289 2745 2439 2808 sine
2495 2745 2868 2809 manifesto

548 2838 854 2917 dampno
916 2833 1178 2896 domini
1240 2831 1356 2894 W.
1421 2832 1735 2913 predicti.
1859 2832 2037 2894 Item
2114 2833 2297 2895 idem
2361 2833 2686 2896 dominus
2746 2833 2866 2895 W.

548 2922 886 3005 promisit,
951 2922 1079 2983 sub
1139 2920 1384 2981 eadem
1434 2917 1790 2993 fidelitate,
1849 2939 1923 2980 se
1982 2929 2510 2999 procuraturum
2570 2919 2872 2983 fideliter

548 3011 732 3093 quod
765 3028 1009 3071 omnes
1039 3015 1357 3069 tenentes
1391 3007 1519 3082 sui,
1573 3016 1718 3067 tam
1775 3006 1973 3067 liberi
2027 3026 2237 3087 quam
2293 3007 2495 3081 servi,
2547 3009 2870 3071 decetero

550 3118 712 3159 suas
744 3095 1133 3158 oblationes
1159 3092 1465 3155 ecclesiae
1497 3095 1584 3154 de
1617 3092 1827 3154 Blida
1857 3090 2137 3169 facient,
2184 3103 2329 3156 tam
2363 3112 2490 3174 pro
2521 3092 2869 3157 defunctis

548 3204 758 3266 quam
806 3179 1407 3264 purificationibus
1469 3189 1537 3241 et
1599 3180 1758 3241 aliis
1820 3180 2193 3257 consuetiS,
2257 3191 2335 3242 ut
2394 3180 2588 3260 prius
2640 3180 2868 3244 facere

548 3277 1075 3343 consueverunt,
1109 3278 1178 3329 et
1211 3266 1460 3328 melius
1493 3266 1551 3327 si
1576 3264 1722 3327 fieri
1758 3275 2027 3347 potest;
2077 3277 2166 3337 et,
2202 3267 2259 3328 si
2294 3286 2471 3348 quas
2501 3267 2868 3331 occasione

547 3358 1009 3439 predictarum
1048 3352 1673 3416 controversiarum
1715 3353 2206 3429 subtraxerint,
2240 3355 2640 3433 'procurabit
2681 3355 2865 3418 idem

546 3445 869 3507 dominus
893 3441 1294 3503 VVillelmus
1320 3440 1513 3520 ipsas
1533 3440 1738 3501 dictae
1759 3440 2072 3502 ecclesiae
2102 3442 2190 3501 de
2224 3440 2437 3502 Blida
2468 3444 2864 3516 restaurari,

549 3531 927 3594 secundum
961 3529 1145 3610 quod
1179 3527 1435 3609 poterit
1484 3537 1806 3588 constare
1856 3527 1942 3587 de
1980 3526 2265 3589 eisdem.
2360 3526 2538 3589 Item
2572 3538 2867 3611 utraque

546 3638 710 3700 pars
731 3616 1129 3699 questiones
1155 3633 1318 3676 suas
1344 3613 1414 3675 in
1437 3613 1627 3674 curia
1654 3613 1863 3677 Ebor.
1891 3623 1959 3676 et
1983 3614 2159 3676 alias
2186 3624 2412 3676 motas
2437 3617 2864 3693 retractabit,

547 3714 615 3767 et
672 3725 745 3766 se
799 3703 1095 3766 invicem
1148 3720 1285 3781 quo
1335 3701 1425 3761 ad
1472 3700 1606 3762 hoc
1659 3701 2172 3763 conservabunt
2226 3701 2661 3782 indempnes.
2773 3703 2865 3766 Et

547 3793 773 3855 dictus
826 3788 1151 3852 dominus
1181 3785 1583 3848 Willelmus
1617 3806 1861 3848 omnes
1894 3787 2433 3868 imparcationes
2464 3789 2552 3851 de
2594 3789 2865 3852 anima-

547 3879 732 3941 libus
764 3887 832 3940 et
866 3876 1023 3939 aliis
1054 3875 1393 3937 dictorum
1428 3873 1679 3952 prioris
1712 3884 1781 3935 et
1828 3886 2216 3937 conventus
2246 3873 2468 3937 factas
2499 3877 2864 3951 hactenus,

549 3966 699 4028 sine
730 3963 921 4027 omni
946 3961 1375 4035 difficultate,
1398 3959 1722 4035 dimittet,
1758 3960 1956 4022 salva
1976 3960 2045 4022 in
2079 3960 2215 4023 hiis
2247 3962 2571 4025 omnibu's
2592 3963 2867 4045 utrique

545 4052 729 4135 parti
761 4049 1123 4133 questione
1156 4068 1282 4110 sua
1314 4047 1382 4108 in
1426 4046 1618 4108 curia
1661 4047 1856 4129 regia
1888 4057 2099 4124 mota,
2134 4066 2342 4128 super
2370 4048 2695 4112 libertate
2724 4049 2864 4113 fur-

546 4159 782 4202 carum
817 4139 885 4200 in
919 4138 1108 4217 hoga
1139 4136 1227 4197 de
1260 4133 1769 4196 Emmeslouwe
1800 4134 2275 4197 levandarum.

633 4223 887 4288 Blank.

632 4307 1373 4374 DCCCLXXXVIII.
1430 4307 1863 4382 14kal.Feb.‚
1893 4306 2070 4388 (Jan.
2097 4311 2217 4390 19),
2254 4328 2510 4387 1272-3.
2547 4309 2864 4373 London.

550 4400 665 4474 R„
744 4397 1187 4459 miseratione
1270 4395 1510 4456 divina
1604 4393 2072 4456 Norwicensis
2146 4396 2460 4457 ecclesiae
2551 4395 2870 4460 minister

1569 4515 1583 4538 ¹
1607 4501 1844 4550 Decimae.
