3187 5105
478 550 629 599 THE
659 550 1036 600 REGISTER
1058 550 1152 599 OF
1183 550 1669 600 ARCHBISHOP
1702 549 2031 598 WALTER
2061 548 2414 601 GIFFARD.
2511 541 2630 616 265

310 712 531 793 patris
564 730 774 792 super
803 719 1164 793 perpetua,
1199 710 1624 792 competenti
1680 720 1748 773 et
1781 729 2095 793 congrua
2127 709 2633 773 sustentatione

311 818 488 873 mea,
553 817 678 880 per
738 798 1037 860 eundem
1115 809 1387 880 patrem
1465 797 1678 860 michi
1756 798 1886 860 sub
1961 797 2081 880 pio
2155 797 2632 860 moderamine

311 885 723 962 ordinanda,
755 893 825 947 et
857 895 1062 967 prout
1094 884 1442 963 convenit,
1475 886 1562 949 de
1586 883 1899 967 prioratu
1925 885 2013 948 de
2037 884 2343 947 Boulton
2378 885 2525 948 sive
2544 884 2632 946 de

311 973 518 1035 rebus
571 972 879 1035 exterius
942 972 1168 1034 eidem
1230 972 1736 1054 adjacentibuS,
1770 971 1976 1035 annis
2037 971 2338 1053 singulis
2399 970 2630 1053 quoad

307 1059 550 1122 vixero
583 1057 883 1122 fideliter
913 1059 1331 1121 exhibenda.
1378 1059 1462 1121 In
1496 1059 1694 1140 cujus
1725 1059 1825 1121 rei
1857 1067 2015 1123 test.
2051 1058 2364 1140 sigillum
2398 1078 2629 1121 meum

311 1167 451 1209 una
483 1166 637 1209 cum
695 1146 931 1228 sigillo
970 1155 1356 1209 conventus
1408 1146 1496 1209 de
1539 1146 1843 1209 Boulton
1895 1146 2339 1228 presentibus
2380 1145 2630 1209 litteris

310 1244 417 1297 est
448 1253 862 1316 appensum.

395 1357 645 1421 Eodem
677 1356 804 1420 dz'e.
898 1357 1294 1422 Submissio
1326 1366 1711 1421 conventus
1757 1359 1844 1420 de
1891 1357 2193 1421 Boulton
2230 1358 2316 1420 de
2348 1358 2626 1421 ordina·
2658 1362 2935 1453 Requestbz

2657 1413 2731 1454 the
2745 1428 2912 1455 convcn

309 1445 500 1509 tione
589 1446 1118 1508 sustentationis
1193 1445 1442 1527 prioris
1470 1444 1682 1507 z—In
1759 1444 2067 1527 capitulo
2133 1455 2373 1508 nostro
2439 1446 2627 1527 apud
2656 1462 2962 1515 orssoitontto

311 1532 639 1609 Boulton.
732 1533 1072 1595 Noverint
1116 1532 1420 1595 universi
1476 1533 1662 1613 quod
1695 1552 1846 1608 nos,
1895 1532 2108 1595 frater
2153 1532 2510 1611 Johannes
2541 1533 2628 1594 de
2656 1514 2897 1607 ξξᾮὲἱξὺ·

312 1618 775 1695 PontefractO,
812 1619 1153 1701 supprior,
1188 1629 1258 1682 et
1298 1618 1618 1682 canonici
1651 1620 1738 1681 de
1785 1619 2112 1696 Boulton,
2163 1619 2373 1681 Ebor.
2425 1618 2601 1681 dioc.
2656 1628 2865 1666 mance·

2610 1668 2627 1695 ‘
2656 1671 2799 1706 ments
2812 1664 2879 1706 sor
2888 1665 2962 1707 the

309 1716 600 1788 optentu
647 1707 903 1788 quietis
972 1706 1363 1769 honorandi
1413 1705 1635 1788 patris
1684 1716 1754 1769 et
1794 1706 2046 1788 prioris
2102 1707 2341 1783 nostri,
2396 1705 2628 1769 fratris
2657 1722 2843 1776 support
2859 1716 2908 1756 of

311 1793 402 1857 R.
449 1794 536 1856 de
580 1793 1049 1868 Bakhamton,
1100 1793 1241 1875 qui,
1299 1793 1478 1856 sicut
1524 1793 2021 1872 intelleximus,
2076 1793 2405 1876 regimini
2459 1794 2627 1857 dicti
2658 1766 2879 1869 ζ’ἰῗὲᾞᾶω

308 1880 658 1962 prioratus
700 1900 983 1962 prorsus
1014 1881 1362 1962 disposuit
1387 1880 1532 1962 jam
1572 1880 1983 1958 cedendum,
2032 1899 2240 1963 super
2269 1890 2629 1963 perpetua,

309 1968 730 2050 competenti
765 1978 833 2031 et
865 1987 1179 2050 congrua
1210 1967 1721 2030 sustentatione
1765 1968 1986 2049 ipsius
2019 1969 2105 2030 de
2138 1969 2345 2030 domo
2391 1978 2630 2031 nostra

310 2054 398 2118 de
429 2055 737 2119 Boulton
770 2065 840 2117 et
870 2056 1077 2118 rebus
1111 2055 1367 2118 nostris
1417 2054 1747 2132 externis,
1800 2053 2100 2137 singulis
2145 2055 2350 2117 annis
2400 2056 2630 2136 quoad

310 2141 583 2218 vixerit,
648 2143 1030 2205 secundum
1092 2142 1607 2205 ordinationem
1668 2143 2028 2204 reverendi
2088 2141 2331 2224 patriS,
2363 2141 2628 2204 domini

308 2228 449 2303 W„
511 2229 748 2306 Ebot„
824 2239 978 2303 ete„
1055 2228 1523 2311 percipienda,
1604 2228 2048 2310 dispositioni
2138 2240 2208 2292 et
2282 2228 2629 2292 voluntati

308 2316 617 2397 ejusdem
679 2316 901 2397 patris
976 2325 1044 2379 et
1117 2315 1624 2398 archiepiscopi
1686 2316 1905 2379 nostri
1966 2335 2157 2397 pure,
2236 2326 2486 2397 sponte
2562 2326 2631 2379 et

308 2404 627 2466 absolute
659 2423 788 2465 nos
820 2404 1280 2485 supponimus
1312 2415 1381 2466 et
1414 2403 1796 2466 subicimus
1827 2422 1953 2484 per
1971 2413 2365 2485 presentes;
2399 2413 2627 2466 ratum

308 2490 613 2554 habituri
664 2499 733 2552 et
780 2488 1054 2552 firmum
1109 2488 1440 2573 quicquid
1489 2490 1673 2552 idem
1724 2490 2049 2552 dominus
2101 2490 2628 2574 archipiscopus

308 2578 753 2655 ordinaverit,
788 2577 1208 2660 disposuerit
1239 2588 1308 2640 et
1338 2578 1719 2659 providerit
1751 2578 1822 2640 in
1854 2579 1988 2643 hac
2018 2590 2237 2660 parte.

394 2710 891 2778 DCCCXXII.
983 2713 1094 2776 De
1134 2712 1495 2776 Willelmo
1550 2708 1701 2799 [de]
1754 2712 1996 2796 Percy,
2031 2734 2106 2776 se
2158 2723 2446 2795 gerente
2499 2732 2626 2794 pro
2654 2723 2935 2774 Mandatbto

309 2810 571 2864 rectore
595 2800 895 2882 plurium
929 2801 1401 2875 ecclesiarum,
1426 2811 1504 2863 ut
1524 2798 1702 2862 infra
1718 2799 2115 2862 2—Decano
2145 2800 2271 2863 tali
2305 2801 2622 2863 salutem.
2653 2774 2864 2866 ῗὲῗέηἱιέἶ
2881 2823 2931 2864 of

308 2888 650 2951 Dolentes
709 2886 1067 2950 referimus
1127 2897 1198 2951 et
1271 2886 1666 2969 frequenter
1724 2887 2148 2950 revolvimus
2208 2885 2622 2961 contristati,
2653 2875 2866 2966 ᾕζῖζῗες

308 2975 609 3057 qualiter
654 2974 1058 3037 Willelmus
1112 2975 1197 3037 de
1252 2973 1494 3057 Percy,
1528 2972 1830 3055 plurium
1885 2974 2333 3036 ecclesiarum
2386 2993 2623 3050 curam
2655 2974 2956 3066 fflssbyssffl·

307 3062 714 3125 habentium
790 3062 1203 3135 animarum,
1273 3071 1529 3124 nostrae
1605 3070 1674 3123 et
1734 3061 2030 3123 aliarum
2098 3060 2503 3136 diocesium,
2550 3080 2626 3123 se
2653 3039 2955 3127 outai’lispen-

307 3169 559 3231 gerens
604 3148 1162 3218 intollerabiliter
1204 3168 1332 3229 pro
1377 3156 1661 3222 rectore,
1713 3146 1975 3211 fructus
2018 3157 2311 3230 usurpat
2356 3168 2627 3211 annuos
2654 3126 2961 3218 32233132‘235‘

309 3237 707 3311 earundem,
735 3245 805 3298 et
836 3245 1173 3318 tanquam
1205 3237 1415 3298 homo
1448 3234 1771 3297 militaris
1797 3235 1916 3317 qui
1947 3235 2227 3298 titulum
2259 3236 2627 3298 clericatus

305 3324 566 3386 habere
584 3323 858 3385 videtur
876 3342 1004 3404 pro
1025 3323 1301 3399 delict0,
1318 3322 1496 3385 inter
1514 3322 1811 3384 curiales
1835 3321 2157 3385 discurrit
2182 3319 2630 3410 scur[r]iliter

308 3411 794 3493 vagabundus,
828 3418 897 3471 et
943 3408 1170 3471 officia
1215 3409 1494 3472 laicalia
1526 3428 1685 3491 quae
1735 3418 1896 3471 sunt
1928 3408 2199 3472 clericis
2248 3429 2532 3492 prorsus
2585 3430 2629 3473 a

308 3516 576 3559 canone
608 3495 998 3573 interdicta,
1034 3495 1265 3558 subire
1298 3496 1448 3559 sine
1479 3495 1775 3571 delectu,
1809 3515 1950 3558 non
1997 3496 2264 3578 absque
2296 3497 2630 3559 scandalo

309 3592 378 3646 et
430 3582 695 3646 offensa
727 3592 796 3646 et
848 3583 1103 3646 animae
1154 3602 1300 3645 suae
1348 3581 1744 3664 pernicioso
1792 3581 2123 3664 pericu10,
2159 3603 2299 3646 non
2330 3593 2626 3657 veretur,

309 3670 505 3752 cujus
568 3670 933 3753 sang-uinis
991 3669 1325 3733 nobilitas
1386 3670 1671 3732 deberet
1723 3669 1961 3732 omnia
2014 3690 2172 3752 quae
2227 3671 2629 3752 scrupulum

312 3757 648 3820 inducunt
679 3757 1145 3834 conscientiae,
1179 3776 1336 3819 cum
1377 3756 1626 3819 timore
1656 3756 1966 3830 Domini,
1999 3757 2390 3839 dedignari.
2482 3756 2630 3820 Nos

310 3845 614 3927 insuper,
671 3844 1112 3907 advertentes
1159 3843 1229 3905 in
1291 3843 1444 3924 ipso
1499 3844 1686 3926 quod
1735 3844 1941 3907 bonis
1994 3843 2305 3907 moribus
2357 3843 2633 3907 videtur

309 3931 684 3995 violentius
714 3929 1115 4003 adversari;
1168 3930 1512 4006 videlicet,
1562 3930 1770 4012 quod,
1805 3932 2072 4013 absque
2103 3931 2631 4014 dispensatione

310 4017 518 4082 Sedis
579 4018 1032 4100 Apostolicae,
1067 4036 1303 4079 sacros
1364 4017 1648 4080 ordines
1708 4037 1848 4080 non
1911 4017 2290 4099 ingressuS,
2345 4017 2628 4082 titulum

309 4105 767 4169 institutionis
810 4124 949 4168 non
999 4103 1318 4186 adeptuS,
1351 4103 1613 4166 fructus
1669 4114 1738 4167 et
1769 4113 2149 4186 proventus
2197 4105 2629 4168 diversarum

307 4192 755 4255 ecclesiarum
789 4191 1332 4275 parrochialium
1365 4211 1504 4254 non
1537 4203 1683 4255 tam
1730 4191 2026 4273 percipit
2057 4211 2269 4274 quam
2317 4202 2627 4274 usurpat,

309 4279 562 4362 ipsum,
616 4289 823 4362 prout
876 4290 1116 4341 nostro
1161 4276 1389 4340 officio
1443 4277 1804 4354 incumbit,
1868 4298 2034 4360 sepe
2095 4279 2492 4342 monuimus
2552 4288 2629 4342 ut

307 4367 630 4429 ordinum
664 4366 1105 4447 susceptione
1132 4384 1208 4428 se
1228 4365 1733 4441 rehabilitaret,
1756 4374 1962 4446 prout
1985 4365 2313 4443 decuerit,
2337 4366 2426 4428 ad
2445 4366 2629 4448 regi-

307 4473 466 4516 men
500 4453 914 4529 animarum,
946 4463 1017 4514 et
1048 4451 1352 4535 gratiam
1395 4450 1603 4515 Sedis
1633 4451 2067 4533 Apostolicae
2098 4472 2309 4534 super
2338 4453 2625 4534 plurali-

307 4551 451 4604 tate
482 4538 977 4605 beneficiorum
1011 4539 1265 4621 quibus
1297 4537 1639 4601 incumbit
1673 4535 1972 4601 sibifieri
1994 4549 2402 4619 procuraret
2428 4562 2444 4612 ;
2480 4539 2623 4638 sed,
