3187 5105
512 498 591 554 42
711 493 863 541 THE
893 492 1271 543 REGISTER
1305 494 1399 542 OF
1429 492 1917 543 ARCHBISHOP
1949 493 2278 544 WALTER
2308 494 2658 545 GIFFARD.

181 652 412 755 ξξζῖζζζξξ,
513 652 821 734 regendo
869 653 1108 716 divina
1161 653 1602 735 providentia
1654 654 2082 730 ordinantur,
2117 664 2314 718 actus
2369 676 2531 718 suos
2578 656 2837 720 debent

183 768 290 795 over
309 753 454 795 God’s
512 748 712 801 tanta
735 740 1132 803 maturitate
1157 750 1687 822 pensare‚tanta
1716 742 2355 823 circumspectionis
2384 742 2835 807 districtione¹

183 806 345 896 {²533}ss
514 826 835 908 dirigere,
890 836 966 890 ut
1026 827 1241 890 nichil
1304 827 1699 891 inveniatur
1758 828 1829 890 in
1891 829 1992 891 eis
2053 830 2237 910 quod
2292 831 2531 892 oculos
2579 830 2839 893 divinae

183 906 489 998 ξξξξξοῑξξζζ,
516 914 904 994 majestatis
935 913 1262 991 offendat,
1292 924 1412 977 aut
1446 915 1625 978 inter
1655 913 1895 978 fideles
1938 915 2228 978 nimium
2265 916 2579 979 scandali
2603 918 2838 980 valeat

185 1006 439 1108 ffiffigg’sso
516 1001 870 1065 suscitare.
962 1001 1220 1064 Videat
1274 1002 1486 1083 igitur
1536 1012 1770 1065 vestra
1810 1003 2194 1085 paternitas
2236 1004 2636 1079 reverenda,
2670 1004 2839 1086 quid

188 1107 335 1149 offena
354 1106 458 1148 θαι
516 1086 755 1150 divina
787 1089 1095 1165 numina,
1111 1088 1277 1170 quid
1301 1090 1631 1152 humanae
1654 1089 1881 1152 laudis
1912 1090 2241 1171 preconia
2271 1109 2361 1152 ex
2390 1090 2524 1154 hoc
2553 1092 2838 1154 valeant

186 1170 339 1199 ⁰⁰⁰⁰⁰
335 1170 362 1248 ζ
364 1172 391 1248 f’
516 1174 731 1257 digne
812 1175 962 1251 fari,
1047 1176 1233 1257 quod
1310 1176 1658 1239 redditum
1735 1188 2143 1258 perpetuum
2220 1176 2308 1239 de
2383 1178 2841 1261 synodalibus

191 1308 305 1350 Com
339 1308 455 1349 ,aim
517 1262 799 1324 nomine
849 1263 1285 1325 cancellariae
1326 1262 1536 1325 Ebor.
1570 1263 1904 1338 ecclesiae,
1940 1264 2134 1345 cujus
2170 1264 2328 1346 jura
2371 1273 2440 1327 et
2482 1266 2842 1328 libertates

187 1360 288 1400 that
308 1321 364 1399 Bo
516 1347 684 1412 totis
716 1349 979 1412 viribus
1004 1349 1372 1412 defendere
1394 1350 1750 1426 tenemini,
1767 1350 1973 1413 michi
1996 1350 2306 1413 debitum
2329 1362 2397 1414 et
2417 1372 2460 1414 a
2479 1352 2842 1434 predeces-

187 1410 270 1451 has
287 1416 363 1450 not
380 1408 491 1449 been

187 1460 307 1511 pam.
327 1467 487 1509 except
521 1436 792 1498 soribus
851 1437 1101 1499 vestris
1161 1438 1252 1499 ab
1312 1437 1602 1520 antiquo
1665 1437 1970 1520 benigne
2031 1438 2355 1513 solutum,
2411 1439 2842 1520 temporibus

188 1510 495 1601 ffissfffrfflssffi„
520 1523 791 1599 vestris,
866 1524 1070 1585 unius
1142 1524 1419 1586 termini
1498 1524 1842 1587 solutione
1914 1525 2399 1601 tantummodo
2476 1527 2840 1601 subducta,

186 1609 497 1703 {ffiffiassssge
523 1610 802 1691 penitus
853 1610 1319 1687 subtraxistis,
1354 1611 1567 1674 immo
1618 1611 1814 1673 salva
1862 1612 2248 1674 reverentia
2278 1621 2510 1674 vestra
2548 1612 2841 1675 eandem

191 1711 483 1753 hiscbancel-
523 1698 1009 1759 cancellariam
1073 1697 1227 1778 ipso
1287 1698 1560 1761 redditu
1625 1698 1998 1779 spoliastis
2165 1697 2389 1779 Quod,
2433 1700 2491 1762 si
2553 1701 2651 1762 sic
2713 1700 2843 1762 sub

188 1760 425 1855 &33⁹6ss
525 1784 1102 1847 dissimulatione²
1152 1785 1500 1862 transiret,
1563 1785 1773 1847 michi
1838 1785 1908 1846 in
1969 1783 2447 1866 prejudicium,
2510 1795 2578 1849 et
2638 1786 2845 1849 dictae

189 1862 476 1955 ssgssffihhffm
525 1871 961 1934 cancellariae
1013 1892 1153 1934 non
1205 1872 1544 1934 modicam
1605 1872 1877 1934 cederet
1930 1872 2286 1950 lesionem,
2310 1873 2475 1935 hinc
2512 1882 2618 1936 est
2658 1873 2845 1956 quod

193 2014 376 2056 cmm
425 2025 497 2055 a„
523 1957 1007 2039 multiplicatis
1089 1959 1232 2039 Jam
1318 1978 1443 2041 per
1523 1959 2073 2041 quinquennium
2149 1978 2431 2040 precum
2494 1959 2846 2022 instantiis

196 2065 369 2124 igbyin
393 2027 422 2065 Ρ
524 2064 764 2126 preces
817 2047 1199 2120 accumulo,
1252 2046 1657 2128 supplicans
1714 2046 2070 2108 humiliter
2117 2056 2185 2108 et
2238 2047 2487 2110 devote
2516 2047 2845 2130 quatinus

194 2178 247 2205 ,ο
264 2177 434 2205 mem
526 2130 868 2213 prefatum
902 2132 1246 2195 redditum
1279 2134 1539 2196 dudum
1573 2135 2004 2196 subtractum
2058 2133 2327 2197 restitui
2381 2154 2462 2196 ac
2516 2134 2846 2215 deinceps

194 2215 500 2307 ffississfflffihd
529 2219 679 2282 sine
767 2218 1171 2282 difficultate
1258 2230 1491 2281 vestra
1565 2220 1951 2283 dominatio
2027 2220 2204 2282 solvi
2278 2221 2618 2303 precipiat
2692 2241 2848 2284 cum

192 2316 306 2358 been
324 2316 506 2365 makine
529 2304 805 2380 effectu;
856 2306 954 2368 sic
988 2326 1118 2383 me,
1154 2306 1214 2368 si
1247 2306 1497 2388 placet,
1532 2307 1622 2367 ad
1669 2307 2038 2387 pristinum
2086 2306 2387 2370 officium
2419 2317 2849 2384 revocanteS,

196 2365 266 2407 for
277 2366 360 2408 five
375 2380 503 2417 year!

197 2418 295 2458 that
312 2416 416 2477 the·
531 2412 735 2474 quem
796 2393 1073 2455 habetis
1142 2404 1210 2456 et
1280 2412 1406 2474 per
1475 2392 1610 2455 Dei
1685 2393 1984 2477 gratiam
2070 2394 2446 2458 instantius
2499 2395 2850 2458 habebitis

196 2466 454 2560 ffifflgffln
530 2479 601 2541 in
666 2480 1054 2542 reverentia
1124 2480 1324 2542 vobis
1406 2480 1803 2542 exhibenda
1866 2480 2293 2563 precipuum,
2352 2482 2424 2544 in
2481 2481 2849 2545 devotione

198 2568 431 2660 {2250‘330
528 2565 828 2643 fidelem,
892 2568 961 2630 in
1026 2568 1369 2630 serviendi
1430 2569 1790 2630 voluntate
1861 2569 2256 2645 sollicitum,
2320 2580 2388 2632 et
2450 2570 2540 2632 ad
2599 2579 2851 2633 cuncta

527 2654 971 2736 beneplacita
1022 2675 1296 2736 semper
1339 2663 1682 2736 paratum.
1762 2654 1948 2736 Quid
1989 2664 2221 2718 autem
2256 2677 2464 2738 super
2493 2657 2852 2738 premissis

527 2750 761 2804 vestra
810 2743 1195 2823 paternitas
1246 2742 1521 2804 duxerit
1569 2740 1984 2819 faciendum,
2018 2743 2228 2806 michi
2269 2754 2500 2807 vestro
2531 2744 2590 2807 si
2621 2744 2852 2826 placet

527 2848 652 2910 per
675 2830 968 2891 latorem
988 2829 1411 2910 presentium
1435 2829 1713 2910 plenius
1734 2829 2145 2892 innotescat.
2188 2829 2442 2894 Valeat
2467 2830 2852 2912 paternitas

526 2926 759 2978 vestra
789 2936 914 2998 per
948 2925 1264 2997 tempora
1295 2916 1636 2998 longiora.

872 3063 1838 3132 ARCHIDIACONATUS
1922 3063 2502 3130 CLIVELAND.

616 3177 958 3242 CXLVI.³
1032 3177 1114 3240 In
1155 3177 1458 3240 crastino
1490 3176 1916 3252 Palmarum,
1950 3197 2035 3256 50
2068 3178 2253 3241 Hen.
2288 3178 2407 3251 iii„
2443 3177 2712 3260 (March
2749 3199 2850 3254 22,

202 3273 420 3315 Hawnb·
538 3265 823 3349 1265-6).
889 3263 1236 3349 Ryevall’.
1331 3264 1818 3327 Presentation
1851 3263 1930 3326 of
1965 3263 2284 3328 William
2317 3265 2403 3327 de
2445 3265 2850 3328 Halmeton’

200 3324 407 3414 ξ’ὖῖῗιζῖε
531 3350 691 3437 (sic),
723 3353 844 3415 the
874 3352 1109 3434 king’s
1140 3352 1350 3428 clerk‚
1394 3351 1491 3435 by
1528 3349 1845 3413 William
1892 3351 2273 3414 Malebisse
2317 3361 2390 3415 to
2435 3353 2555 3415 the
2595 3353 2851 3416 church

200 3424 488 3466 Hmb¹⁰‘⁰“·
530 3436 608 3501 of
647 3440 1022 3522 Halmeby,
1056 3447 1311 3501 vacant
1343 3440 1439 3522 by
1462 3439 1583 3500 the
1615 3438 1827 3501 death
1861 3436 1940 3501 of
1963 3438 2184 3521 Hugh
2210 3440 2297 3501 de
2322 3440 2853 3522 Norhampton',

528 3527 687 3602 clk.,
720 3527 879 3589 who
929 3526 1070 3588 had
1125 3527 1301 3587 been
1352 3526 1723 3607 presented
1777 3527 1871 3609 by
1918 3525 2235 3589 William
2288 3525 2668 3590 Malebisse
2713 3526 2855 3589 and

528 3614 892 3676 instituted
916 3614 1010 3696 by
1029 3612 1449 3694 archbishop
1471 3611 1580 3676 G.⁴
1633 3633 1705 3690 14
1730 3611 2136 3695 kal.April.,
2155 3611 2425 3697 (March
2447 3631 2568 3697 19),
2593 3617 2851 3692 1266-7.

529 3699 1029 3766 Schaldeford’.
1123 3699 1357 3761 Letter
1386 3698 1464 3761 of
1485 3700 1892 3782 inquisition
1929 3711 2003 3763 to
2032 3700 2152 3762 the
2183 3700 2639 3763 archdeacon.

619 3788 1036 3870 Inquisition
1070 3786 1282 3849 taken
1321 3794 1394 3848 at
1442 3785 1656 3860 York,
1693 3808 1727 3865 3
1765 3807 1925 3852 non.
1961 3787 2135 3850 Maii
2170 3785 2365 3872 (May
2399 3788 2486 3872 5),
2542 3791 2724 3867 1267,
2758 3788 2854 3871 by

204 3878 483 3931 lnqu¹⁸⁵t³⁰²¹·
531 3875 650 3952 R.,
684 3875 1118 3938 archdeacon
1168 3872 1248 3936 of
1285 3873 1685 3936 Cleveland.
1780 3874 2054 3938 Church
2086 3884 2342 3937 vacant
2374 3876 2564 3938 since
2596 3874 2654 3937 F
2655 3874 2857 3958 riday

530 3961 764 4027 before
793 3962 912 4025 the
943 3961 1206 4023 middle
1228 3958 1309 4022 of
1343 3958 1520 4023 Lent
1550 3962 1687 4023 last
1719 3971 1881 4042 past
1912 3961 2183 4044 (March
2227 3962 2323 4046 18)
2357 3964 2451 4046 by
2481 3963 2602 4025 the
2644 3962 2854 4025 death

531 4049 612 4113 of
670 4049 785 4112 Sir
859 4049 1103 4130 Hugh,
1170 4048 1293 4110 the
1365 4047 1505 4109 late
1574 4057 1819 4110 rector.
1931 4048 2048 4111 Sir
2106 4048 2422 4112 William
2475 4048 2857 4112 Malebisse

528 4138 701 4211 knt.‚
762 4145 1033 4219 patron.
1153 4135 1404 4199 Worth
1476 4154 1551 4197 10
1611 4135 1846 4198 marks
1905 4154 1948 4196 a
2005 4155 2191 4219 year.
2323 4135 2530 4200 Dom.
2591 4135 2708 4199 W.
2769 4135 2860 4199 de

598 4271 612 4294 ¹
638 4261 1002 4308 Dzlrtn‘ctiomlr.
1749 4258 2083 4307 Normanton.
2186 4257 2511 4308 Schaldesord
2568 4259 2610 4307 is
2664 4258 2859 4308 written

596 4337 617 4360 ²
639 4325 1063 4373 Dtlrsz‘milatz'one.
1752 4321 2094 4371 Scheldeford.

598 4402 619 4434 3
639 4389 983 4439 Presentation
997 4387 1096 4436 and
1113 4387 1395 4436 institution
1410 4386 1642 4451 repeated
1815 4397 1836 4428 ⁴
1856 4386 2179 4452 Archbishop
2225 4387 2445 4453 Godsrey
2489 4389 2552 4437 de
2606 4387 2855 4446 Ludham,

533 4457 584 4504 in
603 4457 730 4504 Nos,
742 4454 836 4517 643
854 4452 953 4502 and
975 4451 1088 4516 647,
1105 4451 1268 4501 where
1287 4451 1371 4500 the
1385 4460 1643 4517 presentee
1757 4463 1811 4499 12
1817 4450 2051 4516 58-1264-
2057 4464 2101 4515 5.

533 4523 577 4570 is
598 4519 757 4570 called
789 4517 1091 4568 Hameleton
1121 4516 1219 4567 and
1254 4516 1340 4566 the
1360 4516 1460 4566 late
1484 4523 1644 4566 rector

203 3123 281 3166 Fo.
302 3135 363 3164 20.
