3187 5105
581 487 651 544 14
751 481 901 530 THE
932 478 1309 530 REGISTER
1341 478 1436 530 OF
1465 477 1956 529 ARCHBISHOP
1984 478 2312 529 WALTER
2343 479 2698 529 GIFFARD.

568 641 997 725 Estridinge,
1033 639 1372 718 Gilbert0,
1420 641 1819 703 subdecano
1872 640 2105 716 Ebot„
2153 639 2494 725 magistro
2557 641 2878 704 Roberto

568 730 656 792 de
728 725 1129 816 Fa[n]gf05,
1206 728 1389 792 dom.
1467 727 1741 790 Thoma
1814 726 1960 790 filio
2037 726 2302 804 Briani‚
2380 727 2711 811 Philippo
2787 728 2879 790 de

569 814 892 886 Stanton‚
930 815 1237 878 Henrico
1281 816 1369 878 de
1416 815 1882 891 Brandeston,
1914 824 1983 876 et
2029 814 2207 876 aliis.

652 902 913 965 XLIV.
1017 922 1091 965 10
1120 903 1260 966 kal.
1298 901 1568 978 Marcii,
1596 922 1782 964 anno
1817 922 1874 963 2.
1904 902 2094 985 (Feb.
2127 922 2228 978 20,
2265 901 2547 985 1267-8).
2576 902 2874 965 Wilton.

566 988 802 1052 Letter
831 988 1004 1062 from
1052 991 1171 1051 the
1218 989 1638 1069 archbishop
1686 989 2092 1070 requesting
2144 989 2261 1051 the
2308 990 2493 1070 good
2540 987 2773 1052 offices
2806 988 2889 1050 of

566 1076 685 1139 the
732 1078 972 1160 clergy
1021 1077 1160 1138 and
1215 1077 1390 1160 laity
1444 1076 1515 1138 in
1565 1076 1683 1138 the
1730 1076 1872 1158 city
1917 1077 2055 1137 and
2102 1075 2377 1139 diocese
2424 1074 2502 1137 of
2543 1075 2734 1138 York
2781 1095 2874 1137 on

566 1163 811 1226 behalf
845 1164 924 1226 of
958 1163 1275 1226 William
1308 1164 1374 1225 le
1422 1161 1687 1239 SuraiS‚
1721 1182 1958 1226 cursor
2002 1172 2256 1238 noster,
2290 1164 2492 1225 when
2537 1163 2876 1245 occupied

565 1270 653 1313 on
689 1270 816 1313 our
845 1271 999 1314 own
1032 1250 1354 1313 business
1386 1270 1465 1312 or
1495 1269 1583 1311 on
1618 1250 1771 1312 that
1802 1249 1883 1312 of
1916 1251 2035 1312 the
2066 1251 2345 1312 church.

650 1337 871 1400 XLV.
966 1334 1330 1424 [Undated.
1460 1335 1926 1400 Commission
1989 1347 2062 1398 to
2123 1336 2306 1401 dom.
2372 1336 2710 1400 Nicholas
2783 1338 2873 1399 de

562 1423 970 1499 VVudeford,
1004 1444 1228 1487 canon
1276 1445 1317 1486 o
1389 1423 1788 1505 Westbyre,
1819 1423 2221 1485 Worcester
2259 1423 2461 1499 dice„
2497 1434 2569 1486 to
2602 1423 2873 1505 inquire

563 1514 777 1574 about
809 1514 928 1575 the
960 1514 1183 1593 goods
1227 1510 1306 1573 of
1341 1511 1575 1573 archb.
1614 1509 1919 1594 Godfrey
1966 1509 2074 1593 (de
2122 1510 2489 1595 Ludham),
2519 1512 2874 1573 wherever

563 1598 778 1661 found
810 1599 1054 1661 within
1086 1600 1205 1661 the
1244 1598 1708 1679 jurisdiction.

652 1686 1117 1749 Commission
1150 1695 1223 1747 to
1255 1687 1373 1748 the
1407 1705 1598 1747 same
1630 1694 1704 1746 to
1736 1685 1986 1748 collect
2033 1685 2151 1747 the
2183 1684 2414 1748 fourth
2448 1694 2605 1766 part
2637 1683 2716 1747 of
2750 1685 2871 1747 the

563 1771 760 1836 fruits
794 1772 874 1835 of
907 1773 1026 1835 the
1058 1773 1413 1847 churches‚
1441 1772 1796 1854 dignities‚
1832 1774 1971 1833 and
2003 1773 2352 1854 prebends
2375 1771 2768 1853 belonging
2798 1781 2869 1834 to

564 1861 682 1923 the
713 1860 1196 1941 archbishop's
1228 1859 1581 1934 collation,
1604 1859 1744 1921 and
1778 1861 1928 1921 also
1959 1859 2078 1921 the
2107 1857 2256 1921 first
2288 1858 2486 1921 fruits
2517 1860 2720 1921 when
2750 1860 2869 1921 the

565 1967 758 2009 same
792 1946 1040 2009 should
1073 1948 1160 2008 be
1192 1955 1463 2021 vacant,
1486 1946 1714 2008 which
1747 1967 1928 2008 were
1961 1948 2258 2029 granted
2303 1947 2400 2028 by
2431 1947 2550 2007 the
2582 1966 2764 2028 pope
2797 1958 2868 2008 to

563 2035 682 2096 the
715 2035 949 2096 archb.
983 2035 1074 2095 ad
1106 2032 1600 2095 relevationem
1637 2033 2028 2095 debitorum
2060 2033 2372 2095 ecclesiae
2405 2042 2683 2096 nostrae.

652 2120 1116 2184 Commission
1143 2130 1215 2182 to
1239 2121 1357 2181 the
1384 2140 1576 2182 same
1607 2130 1680 2182 to
1713 2121 1935 2202 guard
1962 2120 2056 2182 all
2080 2121 2628 2201 sequestrations
2654 2119 2723 2183 in
2750 2120 2870 2182 the

562 2208 856 2271 diocese.

649 2294 909 2357 XLVI.
1001 2294 1258 2356 ¹Feoda
1291 2293 1589 2355 militum
1624 2294 2266 2377 archiepiscopatus
2312 2292 2522 2355 Ebor.
2552 2292 2622 2355 in
2654 2293 2868 2356 comi-

560 2378 2869 2464 tatibusEbor.‚Notingham.,Lincoln.‚LeycestriaeetGloucestriae.

646 2467 1076 2532 Schin’burn.
1170 2468 1746 2531 Constabularius
1778 2468 2065 2532 Cestriae
2097 2468 2305 2531 debet
2335 2467 2713 2551 respondre
2743 2488 2870 2549 pro

559 2556 761 2620 feodo
785 2558 1077 2619 duorum
1110 2555 1411 2619 militum
1436 2557 1506 2618 in
1534 2554 1811 2630 Sutton,
1835 2556 2119 2639 Bymm,
2142 2566 2210 2618 et
2237 2556 2463 2619 PoleS.
2514 2555 2870 2619 Robertus

560 2645 646 2706 de
706 2644 1042 2727 Wilheby
1102 2644 1308 2707 debet
1368 2643 1788 2726 respondere
1831 2663 1960 2725 pro
2005 2642 2207 2706 feodo
2253 2644 2459 2705 unius
2506 2641 2748 2705 militis
2796 2643 2868 2706 in

562 2729 883 2794 Stiveton
973 2741 1042 2794 et
1129 2730 1428 2812 Thorpe.
1522 2730 1874 2794 Ricardus
1960 2732 2046 2793 de
2141 2729 2559 2792 Hudelston'
2660 2729 2867 2793 debet

560 2818 979 2901 respondere
1038 2837 1166 2900 pro
1239 2818 1441 2881 feodo
1517 2820 1810 2880 duorum
1889 2818 2185 2881 militum
2265 2817 2335 2878 in
2417 2816 2864 2879 Hudelston'.

560 2905 912 2968 Ricardus
944 2906 1031 2968 de
1064 2905 1543 2986 Luterington'
1577 2906 1787 2968 debet
1819 2905 2236 2987 respondere
2269 2924 2395 2986 pro
2426 2902 2628 2966 feodo
2661 2904 2866 2966 unius

558 2991 801 3054 militis
878 2992 949 3055 in
1025 2991 1525 3074 Luterington'.
1622 2992 1972 3054 Ricardus
2048 2992 2133 3055 de
2209 2993 2280 3053 la
2356 2991 2596 3053 Lande
2658 2991 2865 3054 debet

558 3080 977 3160 respondere
1001 3099 1126 3162 pro
1157 3078 1358 3142 feodo
1389 3079 1596 3141 unius
1629 3079 1874 3142 militis
1906 3079 1976 3140 in
2011 3076 2457 3143 Mickelfeld'.
2552 3076 2753 3140 Serlo
2779 3080 2866 3140 de

558 3166 869 3229 Bretton'
904 3167 1112 3229 debet
1143 3169 1561 3248 respondere
1593 3186 1720 3248 pro
1766 3177 2014 3248 quarta
2046 3175 2244 3247 parte
2277 3165 2481 3228 unius
2515 3164 2759 3227 militis
2792 3165 2862 3227 in

558 3253 893 3316 Bretton’.
987 3252 1337 3315 Radulfus
1369 3254 1457 3315 de
1489 3253 1742 3336 Neuby
1786 3262 1977 3315 tenet
2021 3262 2341 3335 quartam
2380 3262 2650 3335 partem
2681 3250 2864 3314 feodi

556 3340 762 3403 unius
796 3340 1038 3404 militis
1072 3339 1141 3402 in
1176 3340 1510 3403 Bretton'.
1562 3338 1762 3402 Serlo
1783 3340 1853 3401 in
1879 3339 2185 3423 Wyleby
2204 3340 2411 3402 debet
2443 3338 2864 3419 respondere

555 3446 682 3509 pro
745 3438 995 3509 quarta
1057 3437 1256 3509 parte
1319 3426 1526 3489 unius
1593 3425 1777 3489 feodi
1841 3427 1910 3488 in
1973 3427 2269 3509 Lumby.
2363 3424 2717 3490 Galfridus
2777 3427 2866 3488 de

556 3513 925 3577 Muscham
958 3524 1027 3577 et
1057 3516 1258 3577 heres
1292 3513 1584 3576 Henrici
1616 3515 1704 3576 de
1737 3513 2121 3596 Hekering'
2157 3514 2414 3576 debent
2445 3513 2866 3593 respondere

555 3622 682 3684 pro
714 3612 964 3684 quarta
995 3613 1194 3684 parte
1227 3601 1432 3663 unius
1478 3600 1722 3664 militis
1768 3601 1838 3662 in
1888 3601 2181 3684 Lumby.
2273 3599 2488 3663 Terra
2514 3599 2863 3675 Laneridi,

553 3709 761 3771 quam
798 3689 1148 3751 Ricardus
1180 3688 1266 3750 de
1300 3687 1596 3751 Camera
1627 3697 1817 3751 tenet
1848 3688 1918 3749 in
1967 3687 2313 3763 Mileford‚
2339 3687 2547 3749 debet
2576 3706 2865 3767 respon-

554 3777 717 3838 dere
761 3796 887 3859 pro
935 3776 1140 3839 tertia
1187 3775 1457 3838 decima
1502 3786 1701 3856 parte
1747 3775 1954 3837 unius
2007 3775 2252 3837 militis
2298 3774 2369 3836 in
2417 3774 2864 3838 Levenaton'.

556 3862 906 3926 Henricus
954 3863 1655 3945 Bilegly,—nescitur
1694 3862 1851 3944 quis
1895 3862 2013 3924 ille
2056 3862 2183 3935 sit;
2250 3871 2355 3924 set
2388 3861 2745 3923 Robertus
2777 3862 2866 3924 de

556 3950 884 4013 Burstall’
901 3959 1092 4013 tenet
1125 3959 1395 4012 sextam
1429 3960 1700 4032 partem
1735 3948 1942 4011 unius
1973 3949 2216 4012 militis
2241 3968 2367 4032 pro
2391 3958 2642 4030 quarta
2665 3957 2865 4029 parte

554 4037 760 4099 unius
807 4037 1050 4100 militis
1096 4036 1166 4100 in
1217 4035 1555 4102 Gaitford.
1673 4037 2029 4099 Robertus
2078 4039 2163 4099 de
2210 4036 2604 4099 Barkeston
2653 4035 2863 4099 debet

552 4125 974 4206 respondere
1005 4143 1131 4206 pro
1163 4134 1414 4206 quarta
1444 4135 1644 4207 parte
1675 4124 1880 4186 unius
1915 4122 2157 4186 militis
2189 4124 2258 4184 in
2294 4121 2731 4185 Barkeston.’

641 4212 854 4278 Mem.
898 4212 1083 4294 quod
1124 4212 1248 4292 xiij
1286 4211 1427 4274 kal.
1464 4209 1921 4293 SeptembriS,
1954 4229 2140 4273 anno
2172 4210 2428 4293 graciae
2460 4222 2608 4273 MCC
2642 4229 2863 4272 nona-

553 4297 826 4384 gesimo
872 4308 1120 4381 quarto
1168 4298 1378 4384 (Aug.
1418 4318 1520 4375 20,
1562 4298 1772 4382 1294),
1805 4296 1876 4359 in
1923 4299 2234 4360 manerio
2280 4299 2366 4360 de
2413 4294 2859 4360 Schireburn'

615 4431 634 4464 ¹
656 4427 863 4477 Printed
894 4428 949 4477 in
981 4426 1228 4492 Kirkby’s
1262 4428 1467 4493 Inquest
1506 4426 1733 4490 (Surtees
1768 4425 1885 4475 Soc.
1921 4427 2111 4490 xmx.),
2147 4440 2234 4489 pp.
2271 4426 2499 4490 383·397‚
2536 4424 2658 4474 with
2693 4425 2782 4475 full

1445 4491 1770 4558 explanatory
1799 4498 1960 4541 notes.
