3187 5105
499 505 608 564 182
704 514 853 563 THE
885 511 1262 561 REGISTER
1286 510 1381 560 01³
1414 509 1900 559 ARCHBISHOP
1930 508 2258 558 WALTER
2288 509 2641 561 GIFFARD.

489 695 610 738 seu
641 675 965 757 exigatur
1018 673 1108 735 ab
1142 672 1282 734 illis
1331 670 1449 751 qui
1499 680 1812 752 tempore
1855 669 1977 731 illo
2027 670 2214 732 dicto
2270 668 2342 732 S.
2379 671 2606 753 ipsam
2661 691 2801 733 non

488 763 846 835 dederunt,
901 770 1005 823 set
1055 760 1144 821 ab
1192 758 1364 839 ipsis
1406 757 1521 839 qui
1572 758 1782 819 etiam
1831 759 2187 819 collectam
2242 757 2695 833 retinuerunt,
2735 769 2804 821 et

489 850 672 911 idem
706 848 1044 930 magister
1088 846 1179 908 H.
1235 866 1360 907 nec
1402 843 1672 925 prefato
1724 845 1797 906 S.
1850 864 1977 906 nec
2028 844 2233 906 alicui
2292 846 2490 907 alteri
2541 844 2800 908 dictam

489 937 832 998 decimam
927 932 1209 997 solverit
1302 934 1569 993 ratione
1655 931 2029 1012 prebendae
2123 952 2267 994 suae
2365 933 2806 1013 supradictae,

491 1023 906 1085 mandamus
937 1020 1138 1084 vobis
1191 1020 1520 1099 quatinus
1571 1039 1698 1079 nec
1747 1021 1867 1081 ab¹
1908 1021 2150 1081 eodem
2204 1020 2543 1101 magistro
2594 1039 2722 1082 nec
2763 1040 2806 1081 a

489 1110 1052 1192 procuratoribus
1085 1107 1229 1169 suis
1278 1107 1675 1187 hujusmodi
1732 1106 2072 1169 decimam
2130 1107 2420 1169 ulterius
2474 1106 2802 1189 exigatiS,

490 1210 558 1261 et
614 1198 669 1260 si
733 1198 902 1279 quid
962 1194 1232 1257 ratione
1293 1193 1497 1255 dictae
1560 1193 1848 1255 decimae
1909 1194 1999 1255 ab
2060 1193 2297 1274 aliquo
2357 1205 2803 1275 procuratore

492 1287 800 1367 ejusdem
851 1283 1054 1345 vobis
1103 1281 1307 1343 fuerit
1359 1281 1715 1355 traditum,
1773 1281 1945 1342 illud
2001 1280 2225 1342 eidem
2283 1301 2325 1342 a
2385 1301 2524 1362 quo
2584 1280 2807 1343 fuerat

492 1384 844 1453 receptum
891 1371 1040 1433 sine
1094 1367 1501 1430 difficultate
1551 1367 1863 1448 qualibet
1914 1367 2184 1429 restitui
2226 1366 2525 1439 faciatis,
2576 1367 2811 1431 taliter

491 1481 618 1521 vos
673 1460 742 1521 in
803 1459 935 1520 hoc
981 1458 1321 1518 habentes
1386 1475 1471 1516 ne
1533 1456 1619 1515 de
1681 1465 1910 1516 cetero
1974 1474 2180 1535 super
2241 1456 2371 1516 hoc
2438 1455 2809 1517 audiamus

492 1546 949 1630 questionem.

167 1691 360 1741 maffia.
582 1657 944 1722 DCLXII.
1039 1652 1181 1741 [No
1210 1650 1408 1753 dale]
1499 1653 1639 1729 W„
1674 1666 1827 1724 etc„
1879 1653 2261 1715 venerabili
2313 1652 2529 1729 fratri,
2582 1655 2810 1716 amico

164 1792 257 1831 The
277 1791 424 1832 mm,
496 1759 563 1810 et
598 1744 1121 1826 consanguineo
1155 1742 1223 1803 in
1261 1742 1488 1804 Cristo
1519 1740 1913 1813 karissimO,
1948 1739 2232 1802 domino
2264 1740 2402 1816 W„
2426 1740 2557 1802 Dei
2582 1741 2812 1822 gratia

165 1842 430 1931 ἷςζξῑΗ-ξε
500 1832 956 1896 Bathoniensi
1024 1841 1091 1891 et
1151 1828 1493 1890 Wellensi
1545 1828 1819 1902 electo,²
1860 1828 2155 1890 salutem
2212 1838 2281 1889 et
2340 1836 2659 1909 paratam
2723 1828 2811 1888 ad

161 1906 471 1983 2212c22¹i⁸1z=iih
496 1925 759 1984 honera
790 1933 858 1981 et
889 1916 1254 1980 commoda
1302 1916 1757 1977 voluntatem.
1851 1913 2112 1976 Divina
2161 1914 2621 1996 providentia,
2654 1935 2811 1996 quae

164 1993 429 2093 23313¹gssffli⁵’
499 2010 570 2071 in
615 2029 742 2070 sua
783 2004 1241 2086 dispositione
1291 2022 1430 2063 non
1481 2001 1742 2062 fallitur
1797 2012 1866 2063 et
1919 2021 2197 2063 suorum
2254 2002 2619 2063 immemor
2671 2022 2807 2063 non

165 2094 306 2142 '‘stin’‘
332 2094 419 2133 *¹³¹⁰
498 2096 757 2171 existit,
818 2110 1186 2175 personam
1248 2103 1551 2151 vestram
1608 2089 1925 2151 discretae
1974 2088 2555 2151 considerationis
2612 2082 2812 2151 oculo

165 2144 471 2234 33022232¹i=¹ett0
492 2184 637 2266 jam
672 2180 999 2262 respexit,
1051 2189 1124 2240 ut
1174 2176 1761 2257 quemadmodum
1816 2196 1943 2238 nos
1992 2176 2299 2256 expertis
2332 2187 2401 2237 et
2443 2176 2587 2257 jam
2623 2196 2809 2238 com-

164 2244 473 2353 fiiiiinissiiissiii‘}
500 2271 709 2352 pletis
741 2266 1103 2330 ruderibus
1137 2263 1564 2325 multimodis
1606 2283 1781 2343 quos
1822 2282 1948 2343 pro
1989 2263 2478 2325 reformatione
2519 2261 2813 2344 pacifica

164 2350 420 2386 ²²⁵⁵¹⁵t⁵²¹¹⁰⁰·
501 2353 998 2420 Bathoniensis
1032 2362 1100 2414 et
1130 2350 1512 2413 W'ellensis
1554 2348 1888 2420 ecclesiae,
1931 2349 2146 2411 variis
2184 2369 2541 2412 concussae
2574 2350 2813 2412 litibus

498 2456 566 2507 et
599 2445 1001 2506 deformatae
1033 2438 1354 2521 querelis,
1381 2433 1598 2523 [quae]
1634 2437 1960 2499 diuturno
1993 2437 2399 2518 subjacebat
2430 2436 2811 2499 discrimini

500 2531 976 2595 sustinuimus.
1071 2527 1247 2589 Item
1306 2525 1478 2586 illud
1511 2526 1698 2606 quod
1747 2533 1910 2587 ante
1952 2525 2460 2605 promotionem
2508 2534 2813 2587 vestram

500 2630 874 2702 angustum
940 2615 1355 2688 invenimus,
1431 2614 1607 2674 adeo
1673 2613 1741 2674 in
1819 2611 2183 2692 planitiem
2249 2622 2317 2673 et
2376 2612 2814 2675 rectitudinis

497 2708 846 2770 tramitem
923 2700 1410 2773 convertimus,
1488 2701 1674 2779 quod
1749 2699 2034 2761 honoris
2110 2699 2328 2761 nostri
2410 2700 2813 2762 cathedram

497 2796 733 2876 quieto
794 2789 1111 2873 poteritis
1172 2787 1407 2850 animo
1461 2787 1958 2848 conscendere³
1998 2796 2066 2848 et
2120 2784 2369 2867 pacifie
2428 2787 2808 2868 possidere.

500 2884 727 2962 Super
780 2899 917 2961 quo
974 2895 1244 2938 summo
1295 2874 1522 2935 cordis
1569 2873 1794 2954 jubilo
1844 2874 2278 2955 gratulamur
2326 2883 2394 2936 et
2443 2873 2813 2936 Altissimo

499 2969 766 3051 gratias
826 2964 1184 3028 referimus
1245 2981 1420 3043 quas
1480 2961 1819 3036 valemus,
1882 2961 2246 3041 presertim
2312 2981 2467 3022 curn
2530 2980 2619 3022 ex
2684 2961 2815 3022 hoc

501 3068 755 3118 nostrae
817 3048 1305 3134 adquisitionis
1359 3046 1604 3109 titulus
1664 3048 1994 3109 dilatetur
2047 3056 2115 3109 et
2161 3067 2249 3108 ex
2280 3056 2478 3110 tanto
2527 3057 2593 3110 et
2648 3067 2813 3109 casu

499 3155 701 3226 grato
763 3140 986 3215 nobis,
1040 3147 1108 3199 et
1180 3135 1430 3197 idoneo
1507 3153 1905 3196 successore
1980 3135 2447 3216 prehibitam,⁴
2488 3127 2663 3197 sicut
2725 3153 2813 3196 ex

499 3241 883 3293 vestrarum
918 3224 1094 3289 serie
1136 3223 1520 3285 litterarum
1565 3222 1998 3303 collegimus,
2050 3222 2564 3302 possessionem
2611 3220 2814 3283 nobis

498 3318 903 3380 continuare
951 3309 1342 3394 proponitis
1396 3319 1464 3370 et
1519 3319 1913 3371 nostrorum
1964 3310 2476 3390 promotionem
2525 3308 2814 3370 ulterius

499 3406 869 3486 adaugere,
904 3401 1090 3480 quod
1124 3396 1548 3460 intendimus
1590 3405 1929 3477 quantum
1974 3396 2044 3458 in
2088 3396 2290 3458 nobis
2333 3407 2437 3459 est
2479 3394 2815 3477 prompti-

498 3492 738 3555 tudine
771 3488 1096 3552 benivola
1138 3482 1528 3566 promereri.
1624 3483 1860 3545 Parati
1914 3483 2150 3558 etiam,
2202 3493 2406 3565 prout
2456 3502 2546 3545 ex
2578 3482 2813 3544 debito

500 3600 738 3641 sumus
772 3574 1060 3650 astricti,
1095 3572 1164 3634 in
1214 3570 1353 3632 hiis
1395 3583 1464 3632 et
1519 3569 1588 3631 in
1634 3569 1791 3631 aliis
1846 3590 2003 3651 quae
2054 3569 2327 3632 felicem
2375 3570 2811 3653 negotiorum

497 3677 885 3728 vestrorum
971 3658 1488 3741 expeditionem
1582 3657 1961 3739 requirunt,
2043 3677 2247 3739 opem
2353 3668 2423 3720 et
2526 3676 2807 3738 operam

496 3751 972 3816 favorabiliter
1004 3747 1356 3810 adhibere.

165 3922 428 3963 „mmm
586 3875 987 3943 DCLXIII.
1091 3893 1157 3934 12
1209 3871 1350 3933 kal.
1405 3868 1643 3931 Martii
1694 3868 1884 3948 (Feb.
1946 3867 2066 3951 18),
2117 3872 2375 3947 1266-7.
2468 3867 2683 3950 Apud
2738 3868 2812 3930 S.

166 3979 212 4013 ω
235 3973 410 4013 Made
501 3968 969 4032 Edmundum.
1040 3960 1178 4033 W„
1214 3968 1365 4029 etc„
1401 3957 1655 4017 dilecto
1682 3955 1750 4016 in
1788 3955 2015 4018 Cristo
2047 3954 2212 4032 filio,
2242 3955 2579 4037 magistro
2606 3955 2698 4017 R.
2726 3956 2812 4016 de

164 4023 473 4120 ggffgg‘ssgrfm
501 4055 807 4128 Clifford,
888 4045 1224 4111 escaetori
1297 4042 1561 4104 domini
1643 4043 1831 4124 regis
1891 4043 2063 4104 citra
2145 4042 2423 4114 Trente‚
2497 4044 2815 4118 salutem,

164 4124 428 4225 ῗὲιζξὲξξῗ
498 4155 626 4208 etc,
721 4141 893 4204 Cum
928 4133 1237 4217 prefatus
1269 4130 1592 4192 dominus
1625 4150 1749 4191 rex
1796 4129 2050 4191 dilecto
2093 4130 2297 4192 nobis
2329 4130 2667 4212 magistro
2700 4128 2814 4192 W.

161 4223 451 4328 &omasum-N·
495 4283 578 4337 [μ
600 4280 684 4328 Ab
708 4273 961 4340 repeated,
1712 4264 1870 4312 above
1915 4263 2064 4312 letter
2100 4271 2231 4312 must
2277 4263 2403 4312 have
2450 4264 2577 4312 been
2620 4264 2819 4312 written

164 4324 274 4364 ¹⁰‘d·
496 4349 579 4389 212
601 4343 830 4392 william
863 4339 926 4386 de
958 4338 1166 4388 Button,
1195 4349 1251 4379 or
1275 4332 1466 4386 Bitton,
1504 4345 1607 4376 was
1710 4330 1936 4376 between
1963 4329 2111 4377 those
2135 4329 2294 4377 dates.

495 4408 688 4460 elected
729 4405 909 4468 bishop
933 4403 990 4450 os
1024 4399 1157 4448 Bath
1195 4397 1294 4446 and
1333 4395 1498 4443 wells
1539 4411 1606 4442 on
1774 4405 1794 4435 3
1821 4395 2137 4442 Concendcre.

495 4477 620 4524 Feb.
653 4485 728 4532 10,
755 4470 852 4520 and
878 4469 963 4517 the
996 4462 1354 4528 temporalities
1383 4459 1605 4509 restored
1772 4468 1792 4497 ⁴
1814 4459 2056 4521 Meaning
2080 4467 2169 4507 not
2193 4458 2339 4507 clear,

495 4549 549 4590 to
593 4539 699 4588 him
743 4551 810 4585 on
843 4530 1023 4583 March
1065 4543 1113 4593 4,
1166 4526 1382 4588 1266-7;
1425 4540 1482 4573 so
1518 4523 1604 4572 the
