3187 5105
512 500 632 558 160
720 509 869 557 THE
900 509 1277 558 REGISTER
1302 509 1397 559 OF
1430 509 1916 560 ARCHBISHOP
1945 511 2275 561 WALTER
2304 512 2660 563 GIFFARD.

502 674 825 750 sentium,
890 685 960 737 et
1020 694 1183 737 caro
1256 674 1420 738 licet
1495 674 1772 738 infirma
1832 677 2205 753 consensit,
2272 687 2377 741 set
2436 679 2825 743 adversitas

501 771 892 842 temporum
949 782 1088 824 non
1140 762 1477 843 permisit,
1511 783 1725 845 quam
1759 763 1828 825 in
1887 765 2212 827 omnibus
2268 765 2412 828 suis
2465 767 2695 829 causis
2755 779 2825 830 et

500 848 988 912 occasionibus
1051 868 1377 911 enarrare
1430 869 1571 912 non
1630 848 1973 913 sufficeret
2021 852 2288 933 pagina
2343 852 2515 915 satis
2564 855 2822 936 ampla,

500 936 902 1017 tederetque
956 935 1166 999 lectio
1222 936 1437 1019 longa
1487 937 1848 1018 scripturae
1908 958 2112 1000 aures
2172 941 2349 1001 adeo
2413 951 2820 1022 occupatas;

502 1022 797 1103 ideoque
872 1023 963 1084 ad
1039 1025 1506 1086 enarrandum
1585 1023 2130 1106 magnificentiae
2204 1035 2455 1089 vestrae
2524 1047 2680 1090 mea
2753 1039 2823 1091 et

501 1109 815 1172 ecclesiae
848 1130 1021 1172 meae
1053 1112 1468 1193 gravamina
1493 1123 1563 1172 et
1589 1110 1919 1186 defectus,
1947 1132 2217 1174 necnon
2245 1124 2313 1175 et
2334 1115 2822 1195 oppressiones

500 1216 675 1277 quas
708 1197 909 1278 quasi
943 1198 1269 1260 continue
1302 1197 1533 1279 patior
1565 1198 1636 1260 in
1664 1198 2080 1261 secularium
2103 1200 2408 1262 motione
2428 1201 2824 1264 voluntaria

499 1292 952 1364 potestatum,
986 1286 1317 1347 dilectum
1350 1284 1561 1346 michi
1587 1285 1972 1347 Ricardum
2006 1287 2093 1348 de
2125 1287 2469 1362 Nedham‚
2492 1307 2811 1370 procura·

498 1380 721 1432 torem
774 1390 1024 1449 meum,
1089 1372 1179 1433 ad
1231 1380 1484 1433 vestrae
1557 1372 1951 1434 sanctitatis
2033 1374 2460 1456 presentiam
2521 1375 2819 1450 destino,

499 1457 930 1520 confidenter
961 1458 1382 1540 benignitati
1415 1469 1668 1521 vestrae
1701 1459 2125 1522 dulcissimae
2159 1462 2587 1543 supplicans,

169 1571 387 1612 Sentence
404 1570 462 1623 by
586 1568 840 1632 DCVI.
933 1570 1069 1632 Die
1105 1568 1399 1633 Sabbati
1425 1589 1623 1650 prox.
1648 1580 1807 1651 post
1831 1568 2084 1633 festum
2118 1569 2192 1634 S.
2222 1572 2516 1635 Mathiae
2549 1573 2818 1656 (March

167 1622 243 1662 the
259 1622 410 1663 archb.
1359 1657 1371 1668 .
1778 1657 1789 1670 .
1876 1658 1888 1671 .

166 1685 193 1713 a
226 1672 471 1732 afinstJohn
505 1656 585 1741 2),
644 1660 902 1736 1268-9.
997 1657 1079 1719 In
1130 1658 1423 1719 ecclesia
1473 1658 1894 1738 parrochiali
1949 1659 2036 1719 de
2083 1658 2547 1724 PontefractO.
2641 1658 2819 1723 Sen-

166 1723 473 1825 ‘c’iaffiiffg‘ihe
498 1744 719 1806 tentia
751 1744 896 1805 lata
942 1756 1184 1806 contra
1227 1743 1622 1822 Johannem
1669 1745 1756 1805 de
1805 1742 2100 1807 Skelton
2150 1766 2358 1827 super
2404 1747 2701 1810 ecclesia
2732 1749 2819 1810 de

166 1829 319 1916 {ffiffia
351 1823 407 1916 gf
499 1831 556 1892 F
562 1830 893 1893 iskelake.
988 1831 1069 1893 In
1136 1830 1414 1892 nomine
1467 1830 1756 1893 Domini
1811 1831 2031 1894 nostri
2079 1831 2247 1912 Jesu
2282 1832 2511 1906 Cristi,
2563 1834 2816 1897 Amen.

165 1925 306 2016 wbifih
322 1908 425 2016 {vai}
500 1917 674 1980 Cum
705 1917 1063 1998 Johannes
1097 1918 1183 1979 de
1217 1916 1533 1993 Skelton‚
1590 1918 1906 1994 clericuS,
1958 1939 2278 1981 asserens
2333 1921 2699 1983 ecclesiam
2733 1922 2820 1983 de

165 1989 242 2077 {eya
326 1991 427 2087 ιὲῑςι
500 2004 894 2081 Fiskelake,
921 2004 1386 2067 Eboracensis
1407 2004 1727 2078 diocesis,
1751 2024 1876 2086 per
1896 2016 2185 2068 mortem
2212 2006 2576 2086 JohanniS,
2609 2028 2817 2090 quem

164 2077 454 2167 {Sf‘m'dffl‘
497 2091 851 2172 quondam
883 2103 1217 2154 rectorem
1251 2091 1563 2172 ejusdem
1613 2090 1826 2154 fuisse
1877 2091 2186 2169 confixit,
2238 2104 2606 2156 vacantem
2639 2115 2812 2171 esse,

496 2180 820 2260 quodque
907 2178 1170 2241 fructus
1262 2178 1573 2260 ejusdem
1667 2198 2011 2240 summam
2111 2179 2350 2243 decem
2459 2181 2816 2259 librarum,

498 2266 878 2329 secundum
910 2285 1347 2328 communem
1376 2265 1890 2327 estimationem
1917 2267 2184 2347 patriae,
2210 2287 2347 2328 non
2384 2268 2818 2332 excedebant

495 2353 879 2430 annuatim,
945 2352 1312 2416 ecclesiam
1369 2351 1597 2433 ipsam
1654 2352 2069 2416 auctoritate
2119 2352 2327 2417 Sedis
2382 2353 2817 2436 Apostolicae

495 2439 754 2503 dudum
792 2440 925 2502 sibi
959 2438 1250 2502 conferri
1283 2450 1747 2520 procurasset,
1770 2440 1977 2502 certis
1999 2440 2131 2502 sibi
2161 2460 2368 2522 super
2398 2443 2532 2504 hoc
2562 2462 2815 2505 execu-

492 2527 762 2591 toribus
794 2528 1165 2612 deputatis‚
1187 2527 1306 2610 qui
1340 2526 1706 2589 occasione
1736 2526 2136 2609 hujusmodi
2162 2527 2535 2592 discretum
2567 2529 2815 2608 virum,

495 2614 881 2680 Gerardum
958 2618 1044 2678 de
1121 2613 1646 2688 Grandisson0,¹
1717 2615 2161 2695 capellanum
2239 2616 2501 2678 domini
2588 2637 2814 2699 papae,

492 2711 827 2766 rectorem
905 2702 1238 2785 ejusdem,
1317 2701 1800 2783 multipliciter
1866 2701 2361 2783 inquietarunt.
2499 2703 2815 2766 Tandem

493 2790 817 2853 dominus
866 2810 1055 2871 papa
1107 2788 1333 2866 nobiS,
1394 2789 1535 2865 W.,
1606 2799 1759 2863 etc.,
1823 2788 2186 2870 negotium
2249 2789 2479 2871 ipsum
2542 2793 2671 2854 sub
2733 2811 2817 2854 ea

492 2876 714 2939 forma
743 2897 869 2958 per
910 2897 1073 2940 suas
1112 2876 1311 2938 duxit
1343 2876 1613 2938 litteras
1637 2875 2235 2953 committendum,
2262 2887 2357 2954 ut,
2392 2876 2576 2939 facta
2609 2898 2817 2959 super

490 2965 622 3026 hoc
653 2984 779 3047 per
809 2984 937 3027 nos
972 2965 1082 3026 vel
1115 2983 1240 3044 per
1270 2962 1446 3025 alios
1479 2964 1566 3024 de
1604 2962 1819 3043 plano
1863 2972 1930 3024 et
1975 2963 2126 3024 sine
2175 2964 2468 3046 strepitu
2495 2964 2811 3046 judiciali

493 3051 944 3132 inquisitione
975 3050 1321 3132 diligenti,
1348 3050 1405 3112 si
1433 3048 1903 3111 invenerimus
1930 3049 2115 3130 quod
2148 3050 2336 3113 dicta
2367 3052 2663 3114 ecclesia
2693 3072 2816 3133 per

492 3148 785 3200 mortem
836 3137 1002 3200 dicti
1051 3137 1394 3216 Johannis
1456 3156 1597 3198 non
1661 3146 1961 3211 vacaret,
2033 3146 2154 3199 aut
2215 3137 2401 3217 quod
2462 3139 2814 3201 estimatio

491 3225 804 3308 ejusdem
837 3225 1219 3307 predictam
1253 3224 1492 3285 decem
1519 3223 1852 3285 librarum
1880 3243 2225 3286 summam
2246 3226 2560 3302 excedat,
2588 3226 2814 3288 eidem

490 3312 797 3393 Johanni
829 3320 1237 3393 perpetuum
1273 3310 1627 3373 silentium
1661 3310 2020 3391 imponere
2053 3311 2434 3374 debeamus
2467 3333 2676 3394 super
2705 3332 2808 3375 ea.

492 3399 751 3462 Verum
786 3399 1117 3481 quoniam
1149 3418 1274 3480 per
1296 3396 1825 3478 inquisitionem
1851 3417 2061 3478 quam
2084 3417 2208 3479 per
2239 3397 2574 3462 discretos
2605 3399 2812 3474 virOS,

495 3488 851 3551 custodem
885 3486 1287 3549 monasterii
1307 3486 1396 3546 de
1424 3483 1749 3565 Hanepol
1774 3497 1843 3546 et
1869 3486 2208 3546 decanum
2236 3485 2322 3548 de
2346 3485 2808 3562 PontefractO,

494 3573 746 3655 quibus
824 3573 1012 3636 vices
1108 3586 1383 3635 nostras
1459 3570 1934 3634 commisimus
2010 3570 2081 3633 in
2157 3572 2290 3634 hac
2365 3582 2585 3654 parte,
2662 3571 2811 3636 fieri

492 3660 802 3737 fecimus,
838 3661 977 3742 qui,
1012 3660 1328 3741 partibus
1360 3660 1450 3721 ad
1482 3658 1907 3739 presentiam
1943 3678 2140 3720 suam
2172 3660 2380 3721 certis
2413 3661 2528 3722 die
2558 3669 2626 3722 et
2659 3661 2812 3723 loco

495 3748 821 3826 evocatis,
856 3749 925 3809 in
976 3766 1229 3829 penam
1268 3745 1727 3808 contumaciae
1766 3746 1986 3826 ipsius
2023 3745 2388 3824 JohanniS,
2431 3746 2547 3828 qui
2582 3767 2707 3828 per
2738 3767 2814 3810 se

496 3854 621 3897 nec
664 3855 789 3916 per
836 3844 1352 3916 procuratorem
1411 3852 1813 3913 comparere
1868 3833 2135 3896 curavit
2187 3853 2420 3896 coram
2474 3834 2597 3911 εἰς,
2654 3854 2811 3916 pro-

496 3932 851 3985 cesserunt
882 3923 971 3984 ad
1005 3922 1320 3996 eandem,
1365 3920 1828 4001 comperimus
1869 3919 2057 4001 quod
2109 3920 2295 3983 dicta
2343 3921 2640 3983 ecclesia
2689 3942 2815 4003 per

496 4020 786 4073 mortem
837 4009 1004 4072 dicti
1044 4008 1388 4088 Johannis
1430 4007 1520 4069 ab
1561 4007 1728 4069 olim
1773 4027 1910 4069 non
1954 4007 2252 4085 vacavit,
2304 4017 2548 4089 utpote
2602 4029 2811 4090 quam

561 4155 577 4178 ¹
601 4144 787 4194 Gerard
811 4144 874 4193 de
899 4143 1222 4200 Grandisson,
1244 4158 1299 4190 or
1323 4140 1604 4198 Grandson,
1696 4141 1795 4188 and
1819 4140 2065 4189 Wilsford
2086 4141 2137 4188 in
2160 4140 2270 4189 that
2293 4141 2493 4199 church,
2520 4158 2621 4190 was
2643 4158 2815 4192 conse·

494 4225 595 4258 was
618 4226 646 4257 a
670 4210 892 4258 member
914 4209 972 4257 of
989 4209 1074 4257 the
1092 4208 1241 4256 noble
1259 4206 1427 4269 family
1445 4205 1607 4253 which
1698 4205 1866 4254 crated
1890 4205 2071 4270 bishop
2095 4206 2153 4253 of
2179 4206 2385 4254 Verdun
2416 4207 2468 4254 in
2507 4206 2644 4268 1276.
2718 4208 2815 4257 See

494 4274 746 4323 sumished
770 4291 799 4322 a
821 4274 1025 4322 notable
1058 4272 1202 4321 bisho
1268 4279 1321 4320 to
1345 4271 1429 4319 the
1453 4286 1535 4319 see
1557 4271 1617 4318 os
1698 4270 1784 4318 the
1840 4270 2073 4334 pedigree
2128 4271 2187 4318 of
2244 4270 2343 4319 this
2397 4271 2566 4335 family
2621 4279 2672 4320 at
2729 4272 2814 4322 the

495 4341 677 4388 Exeter
697 4340 749 4387 in
767 4338 851 4387 the
869 4354 1047 4403 person
1066 4339 1125 4386 os
1135 4339 1202 4401 Jo
1240 4353 1270 4385 n
1289 4336 1352 4384 de
1373 4335 1609 4384 Grandis·
1698 4335 1974 4396 beginning
2008 4336 2066 4383 of
2081 4335 2179 4383 vol.
2206 4335 2271 4382 iii.
2297 4337 2356 4384 os
2381 4335 2467 4384 the
2498 4337 2579 4384 Re
2630 4338 2638 4347 “
2660 4344 2737 4385 ter
2755 4338 2826 4400 of

494 4420 601 4462 son,
628 4404 742 4452 who
766 4403 993 4468 presided
1028 4419 1145 4451 over
1178 4402 1284 4450 that
1311 4417 1392 4449 see
1420 4412 1610 4463 1327—
1696 4401 1843 4465 John
1865 4401 1927 4448 de
1954 4401 2287 4458 Grandis-ron,
2313 4401 2506 4464 Belslzop
2528 4417 2556 4447 ο
2607 4402 2812 4461 Exeter,

500 4483 518 4518 ι
527 4470 637 4530 369.
730 4468 933 4527 Gerard,
992 4467 1107 4516 who
1151 4482 1253 4514 was
1286 4482 1316 4514 a
1348 4480 1508 4514 canon
1555 4464 1615 4512 of
1698 4464 1866 4512 edited
1881 4465 1948 4528 by
1970 4465 2147 4514 Canon
2172 4464 2782 4530 Hingeston-Randolph.

497 4533 750 4599 Salisbury
772 4533 871 4582 and
896 4533 1204 4598 prebendary
1222 4531 1299 4598 „Of
1329 4529 1603 4578 Woodford
