3187 5105
231 696 259 725 a
276 682 398 724 clerk
416 682 504 724 and

234 733 372 783 blind,
391 746 420 774 a

231 783 420 825 brother.

226 1743 302 1785 Fo.
323 1745 387 1796 58.

223 2198 361 2241 Recei
349 2205 413 2251 ιρι

219 2247 257 2288 fr
237 2262 330 2290 rom

223 2298 304 2340 Flo
306 2301 446 2341 reatin
421 2314 475 2342 ne

573 529 684 587 132
779 521 930 570 THE
959 521 1336 572 REGISTER
1361 523 1457 572 OF
1487 521 1975 572 ARCHBISHOP
2004 522 2332 572 WALTER
2364 523 2717 573 GIFFARD.

561 692 795 745 tamen
849 682 1210 746 contendit
1255 693 1491 746 tenere
1544 703 1671 766 pro
1701 682 1967 746 viribus
2010 684 2429 747 innocentiae
2481 685 2879 767 puritatem,

563 779 633 832 et
663 790 788 852 per
827 770 991 833 vitae
1037 770 1358 833 meritum
1407 770 1768 833 scientiam
1815 790 1954 852 qua
1986 790 2062 833 se
2107 791 2395 835 ornasse
2440 781 2782 854 potuerat,
2818 774 2878 834 si

562 857 835 939 integer
854 858 1374 938 permansisset,
1401 857 1836 939 propensiori
1862 857 2092 920 studio
2117 856 2361 921 nititur
2391 878 2875 941 compensare;

562 943 789 1026 ipsum
815 945 904 1006 ad
936 965 1063 1007 vos
1082 964 1239 1007 cum
1264 942 1520 1008 fiducia
1543 945 1870 1007 duximus
1895 944 2412 1022 destinandum,
2434 945 2874 1009 devotionem

558 1042 862 1094 vestram
894 1034 1324 1113 requirentes
1355 1030 1427 1093 in
1462 1030 1692 1096 Cristo
1723 1032 2075 1114 quatinus,
2109 1034 2552 1096 attendentes
2577 1033 2764 1115 quod
2785 1034 2874 1095 ad

556 1118 688 1180 hoc
750 1119 999 1181 domus
1043 1128 1277 1181 vestra
1338 1118 1686 1191 statuitur,
1749 1128 1825 1182 ut
1885 1119 2282 1201 hujusmodi
2337 1119 2666 1201 precipue
2712 1121 2874 1182 sub-

556 1204 877 1268 veniatur
933 1206 1198 1288 egenis,
1254 1205 1440 1268 dicto
1497 1204 1591 1269 H.
1657 1204 2141 1269 liberationem
2218 1226 2376 1288 quae
2448 1204 2527 1269 fit
2602 1207 2721 1269 uni
2786 1208 2872 1270 de

554 1290 884 1355 fratribus
935 1293 1046 1355 vel
1081 1292 1434 1355 sororibus
1486 1292 1758 1369 vestriS,
1794 1293 1929 1355 Dei
1972 1293 2250 1370 intuitu,
2283 1303 2352 1357 et
2405 1313 2488 1356 eo
2541 1293 2874 1357 libentius

554 1381 740 1461 quod
781 1399 1134 1462 rogamus,
1161 1379 1543 1442 liberaliter
1587 1379 1988 1442 concedatis
2020 1379 2266 1443 eidem.
2362 1380 2454 1442 Et
2501 1400 2710 1462 super
2738 1381 2870 1443 hoc

553 1466 859 1529 litteram
928 1467 1349 1542 concedatiS,
1405 1485 1493 1528 ne
1560 1474 1874 1548 cogatur,
1943 1468 2130 1549 quod
2198 1467 2403 1546 absit,
2478 1468 2566 1530 de
2640 1477 2869 1531 cetero

555 1553 993 1626 mendicare;
1095 1563 1200 1616 set
1282 1552 1484 1616 vobis
1566 1573 1695 1635 pro
1775 1553 1928 1634 ipso
1995 1564 2359 1618 teneamur
2430 1555 2521 1617 ad
2599 1555 2869 1638 gratias

553 1640 950 1721 amplioreS,
985 1641 1043 1703 si
1078 1661 1205 1703 nos
1235 1639 1739 1723 requisiveritis
1771 1650 2295 1723 consequenter.

640 1726 828 1790 DLI.
886 1748 956 1790 12
984 1727 1125 1789 kal.
1147 1727 1285 1806 Jul.
1323 1726 1525 1810 (June
1559 1727 1687 1811 20),
1725 1732 1906 1806 1267.
1942 1728 2256 1791 London.
2290 1728 2672 1813 Authority
2695 1727 2869 1791 from

557 1813 953 1897 Reynerius
984 1814 1289 1877 Abbatis
1337 1813 1477 1875 and
1521 1813 1931 1878 Theclarius
1971 1814 2352 1892 AmatoriS,
2395 1815 2683 1878 citizens
2730 1817 2869 1877 and

553 1902 949 1965 merchants
982 1899 1060 1963 of
1092 1901 1148 1962 F
1151 1902 1448 1978 lorence,
1481 1910 1554 1963 to
1603 1900 1964 1983 Reginald
2006 1901 2301 1981 Cambii,
2335 1902 2654 1966 Durante
2687 1902 2868 1965 Boni

550 1990 691 2051 and
710 1988 1107 2052 Thecaldus
1127 1988 1490 2070 Reynerii,
1516 1987 1805 2051 citizens
1830 1990 1970 2051 and
1996 1989 2391 2052 merchants
2416 1988 2496 2052 of
2506 1991 2628 2052 the
2653 2009 2867 2068 same,

549 2085 623 2139 to
654 2076 921 2139 receive
953 2096 997 2137 a
1027 2075 1377 2138 thousand
1398 2075 1636 2136 marks
1661 2074 1834 2137 from
1868 2077 1987 2139 the
2013 2077 2434 2158 archbishop
2457 2086 2530 2139 at
2550 2076 2865 2142 Lincoln.

638 2162 863 2225 DLII.
914 2183 949 2241 3
978 2181 1140 2224 non.
1167 2161 1355 2244 Aug.
1385 2161 1597 2246 (Aug.
1623 2160 1928 2244 3)‚1267.
1950 2163 2265 2228 Lincoln.
2296 2163 2688 2241 Universis,
2710 2174 2863 2241 etc„

549 2248 844 2313 Durant’
899 2250 1103 2326 Boni,
1157 2249 1331 2311 civis
1372 2259 1443 2312 et
1485 2259 1827 2318 mercator
1868 2249 1924 2311 F
1929 2251 2315 2314 lorentmus
2363 2260 2433 2314 et
2463 2260 2867 2333 procurator

218 2362 288 2390 me
290 2349 523 2393 chanuto
551 2336 888 2419 Reynerii
935 2335 1240 2400 Abbatis
1282 2346 1352 2398 et
1395 2335 1744 2398 Theclarii
1790 2336 2171 2413 AmatoriS,
2215 2336 2470 2400 civium
2503 2348 2573 2401 et
2603 2357 2866 2400 merca—

216 2399 293 2491 εςε
306 2401 462 2499 rab·

220 2502 381 2543 marks.

548 2433 775 2486 torum
790 2422 1766 2501 Florentinorum,salutem1n
1782 2423 2110 2488 Domino.
2138 2424 2426 2487 Noverit
2448 2425 2867 2488 universitas

548 2521 783 2575 vestra
825 2531 937 2574 me
967 2510 1313 2593 recepisse
1345 2520 1414 2573 et
1443 2510 1777 2574 habuisse
1807 2512 1996 2594 apud
2027 2511 2342 2575 Lincoln.
2378 2533 2420 2575 a
2450 2532 2607 2576 ven.
2644 2520 2864 2595 patre,

548 2599 832 2662 domino
855 2598 994 2674 W„
1011 2598 1145 2661 Dei
1171 2598 1402 2680 gratia
1428 2597 1638 2660 Ebor.
1665 2598 2214 2681 archiepiscopo,
2237 2600 2526 2683 Angliae
2545 2600 2861 2682 primate,

547 2706 672 2767 per
696 2706 944 2749 manus
976 2685 1242 2748 domini
1275 2685 1360 2747 N.
1395 2685 1482 2746 de
1515 2683 1920 2761 Wodeford,
1954 2687 2324 2750 senescalli
2357 2687 2861 2769 archiepiscopi

547 2772 782 2850 Ebor„
859 2773 1052 2835 mille
1127 2792 1398 2834 marcas
1479 2772 1843 2849 bonorum,
1944 2793 2280 2836 novorum
2374 2787 2442 2837 et
2527 2774 2861 2856 legalium

546 2822 1039 2943 sterlingorum
1065 2857 1208 2942 (xiij
1228 2880 1281 2921 5.
1309 2868 1378 2921 et
1397 2868 1695 2940 quatuor
1710 2854 1898 2959 [den.
1902 2856 1931 2947 ]
1961 2861 2455 2942 sterlingorum
2476 2880 2603 2943 pro
2627 2880 2861 2924 marca

543 2948 856 3028 qualibet
888 2945 1354 3046 computatis),
1389 2953 1593 3027 quas¹
1640 2945 1904 3009 domini
1938 2947 2125 3009 cives
2157 2957 2226 3009 et
2258 2957 2677 3011 mercatores
2708 2968 2861 3029 pre—

541 3034 707 3097 dicti
740 3033 1085 3115 recepisse
1117 3034 1505 3096 debuerunt
1524 3032 1838 3096 London.
1861 3053 1986 3117 per
2010 3054 2259 3097 manus
2284 3035 2546 3098 domini
2571 3034 2862 3098 Thomae

539 3120 849 3183 Thuluse
902 3130 971 3183 et
1021 3120 1310 3182 Ricardi
1360 3120 1673 3196 Bretton,
1751 3123 2130 3184 secundum
2207 3123 2391 3222 quod
2470 3132 2664 3203 patet
2737 3141 2862 3203 per

538 3209 892 3290 quandam
947 3207 1450 3290 obligationem
1483 3226 1610 3288 per
1640 3207 1961 3271 dominos
2015 3228 2228 3283 meos,
2262 3209 2450 3272 cives
2485 3220 2554 3271 et
2596 3228 2858 3271 merca·

541 3305 728 3358 tores
774 3295 1159 3396 predictoS,
1224 3294 1536 3376 predicto
1602 3294 2128 3377 archiepiscopo
2201 3294 2497 3369 factam;
2576 3296 2664 3359 de
2722 3316 2861 3377 qua

539 3383 837 3464 pecunia
896 3381 1180 3445 nomine
1244 3400 1399 3443 meo
1453 3390 1521 3443 et
1572 3381 2013 3445 dominorum
2074 3402 2407 3460 meorum,
2471 3382 2727 3446 civium
2789 3392 2857 3446 et

539 3479 999 3532 mercatorum
1031 3468 1521 3550 predictorum,
1556 3488 1667 3531 me
1711 3469 1891 3531 bene
1935 3477 2109 3533 voco
2141 3471 2451 3551 quietum
2485 3479 2554 3532 et
2585 3470 2856 3552 integre

538 3565 883 3638 protestor
912 3565 1261 3638 pacatum,
1293 3555 1690 3636 exceptioni
1723 3574 1863 3618 non
1896 3567 2300 3634 numeratae,
2331 3577 2473 3620 non
2507 3558 2755 3619 solutae
2787 3567 2854 3619 et

537 3663 678 3706 non
734 3644 1010 3707 traditae
1066 3642 1277 3705 michi
1332 3642 1648 3725 pecuniae
1702 3642 1989 3706 omnino
2041 3643 2551 3707 renunciantes.
2663 3642 2856 3726 Quas

536 3740 894 3812 pretextas
925 3744 986 3793 M
1016 3749 1288 3792 marcas
1331 3728 1848 3812 sterlingorum,
1880 3732 2192 3812 predicto
2225 3732 2432 3794 modo
2464 3740 2534 3794 et
2566 3750 2854 3793 numero

537 3819 1184 3900 computandorum,
1228 3816 1493 3879 domini
1539 3836 1672 3895 me,
1707 3817 1895 3880 cives
1945 3828 2014 3881 et
2063 3828 2485 3882 mercatores
2537 3818 2853 3900 predicti,

533 3915 858 3968 tenentur
905 3924 1029 3985 per
1077 3903 1467 3985 legitimam
1519 3904 2047 3985 stipulationem
2109 3907 2398 3969 reddere
2459 3915 2529 3969 et
2585 3905 2854 3968 solvere

530 3992 844 4074 predicto
875 3990 1424 4072 archiepiscopO,
1447 3992 1559 4053 vel
1592 3991 1743 4072 ejus
1766 4001 1955 4055 certo
1985 4002 2337 4057 attornato
2363 3993 2509 4056 sive
2532 3993 2813 4075 proprio
2835 4000 2856 4023 ²

530 4079 786 4142 nuncio
818 4079 1086 4142 litteras
1118 4078 1554 4140 dominorum
1610 4097 1941 4154 meorum,
1976 4080 2230 4143 civium
2278 4090 2348 4143 et
2390 4089 2849 4143 mercatorum

530 4166 1019 4249 predictorum,
1053 4162 1409 4237 deferenti,
1444 4165 1515 4226 in
1548 4165 1758 4228 domo
1791 4165 2070 4232 Militiae
2121 4167 2396 4249 Templi
2431 4167 2851 4230 Parisiensis

531 4255 601 4316 in
635 4255 811 4317 festo
845 4251 917 4318 S.
955 4251 1269 4334 Remigii
1321 4249 1499 4335 (Jan.
1545 4251 1644 4333 13)
1701 4272 1898 4334 prox.
1934 4263 2225 4318 venturo
2269 4255 2356 4317 ad
2413 4255 2847 4317 voluntatem

530 4361 750 4416 suam,
786 4340 1021 4404 statim
1054 4359 1211 4403 cum
1262 4338 1450 4401 dicta
1502 4340 1802 4421 pecunia
1849 4341 2147 4422 repetita
2188 4341 2393 4405 fuerit
2447 4341 2706 4404 ibidem
2757 4341 2848 4402 ab

530 4428 764 4511 aliquo
796 4430 883 4491 de
916 4426 1124 4491 sociis
1154 4425 1596 4490 dominorum
1628 4445 1962 4505 meorum,
1997 4428 2253 4492 civium
2283 4437 2354 4493 et
2386 4437 2848 4492 mercatorum

1239 4547 1251 4569 ¹
1281 4535 1434 4596 Quia.
1837 4547 1855 4569 ²
1879 4537 2132 4586 Proximo.
