3187 5105
531 552 604 610 72
729 546 877 593 THE
909 546 1286 595 REGISTER
1318 547 1412 596 OF
1444 547 1929 597 ARCHBISHOP
1959 547 2284 596 WALTER
2315 548 2438 596 GIF
2441 548 2485 595 F
2490 548 2670 597 ARD.

524 706 595 768 in
629 706 821 770 mille
853 707 1105 770 marcis
1137 707 1652 790 sterlingorum,
1679 728 1854 789 quas
1885 727 2012 789 pro
2042 708 2458 770 necessariis
2488 707 2746 771 nostris
2778 719 2849 771 et

524 794 837 857 ecclesiae
885 804 1143 857 nostrae
1194 796 1495 877 negotiis
1548 796 2004 876 expediendis
2054 805 2294 858 mutuo
2348 796 2737 877 recepimus
2779 806 2850 858 et

521 881 915 957 habuimuS,
949 902 1031 945 ac
1081 882 1151 943 in
1202 883 1514 945 ecclesiae
1562 892 1821 945 nostrae
1869 882 2242 945 utilitatem
2292 902 2664 945 conversas
2695 902 2850 945 esse

458 1020 465 1027 .
522 965 945 1049 profitemur.
1039 967 1267 1050 Quam
1300 970 1510 1032 etiam
1545 970 1914 1050 pecuniam
1947 979 2265 1032 tenemur
2295 977 2365 1031 et
2397 968 2850 1051 stipulatione

524 1056 894 1137 sollempni
927 1056 1398 1137 promittimus
1438 1057 1726 1119 reddere
1758 1067 1827 1119 et
1869 1057 2135 1119 solvere
2167 1056 2391 1119 eidem
2426 1056 2708 1119 domino
2741 1056 2848 1134 E„

522 1162 712 1205 exeo.
747 1143 859 1205 vel
913 1143 1176 1226 assign.
1212 1144 1356 1206 suis
1409 1144 1598 1225 apud
1647 1143 2012 1227 Walling',
2047 1144 2138 1206 ad
2186 1144 2399 1206 talem
2452 1144 2846 1221 terminum,

523 1249 708 1292 anno
760 1230 907 1306 tali,
962 1250 1105 1292 una
1156 1251 1313 1293 cum
1368 1230 1696 1312 dampnis
1744 1242 1813 1293 et
1864 1232 2194 1312 expensis
2254 1250 2432 1312 quas
2483 1229 2850 1293 occasione

522 1316 727 1379 dictae
780 1318 1095 1399 pecuniae
1149 1318 1632 1399 perquirendae
1684 1317 1971 1380 fecerint
2019 1319 2130 1380 vel
2184 1318 2616 1392 incurrerint,
2666 1318 2724 1380 si
2773 1317 2845 1380 in

523 1404 868 1467 solutione
916 1404 1121 1467 dictae
1169 1406 1485 1486 pecuniae
1529 1405 1830 1468 termino
1861 1406 2216 1468 antedicto
2272 1403 2745 1480 defecerimuS‚
2778 1415 2848 1467 et

521 1491 857 1554 ducentas
890 1491 1106 1554 libras
1130 1511 1255 1573 pro
1286 1492 1844 1574 transgressione
1875 1492 2154 1555 termini
2185 1492 2539 1554 antedicti.
2618 1491 2849 1574 Super

523 1578 777 1660 quibus
809 1578 1135 1660 dampnis
1155 1589 1224 1641 et
1243 1580 1573 1661 expensis
1606 1590 1674 1642 et
1706 1579 1911 1643 dictis
1942 1579 2261 1642 ducentis
2292 1579 2489 1642 libris
2521 1578 2844 1641 volumus

524 1676 593 1727 et
625 1667 1089 1741 concedimuS,
1140 1667 1328 1748 quod
1378 1676 1599 1729 stetur
1651 1676 1720 1729 et
1769 1667 2091 1730 credatur
2131 1666 2432 1747 simplici
2478 1665 2847 1728 assertioni

522 1752 813 1833 predicti
846 1753 1111 1815 domini
1146 1753 1250 1829 E„
1273 1773 1464 1818 exeo.
1487 1753 1601 1816 vel
1633 1754 1899 1836 assign.
1927 1772 2228 1830 suorum,
2255 1754 2520 1835 absque
2550 1752 2846 1834 alicujus

522 1838 809 1902 alterius
857 1859 1067 1903 onere
1119 1840 1576 1921 probationis,
1671 1840 1763 1903 Et
1818 1841 1905 1903 ad
1958 1841 2087 1904 hec
2129 1838 2366 1904 omnia
2398 1840 2550 1901 sine
2579 1838 2842 1916 fraude,

522 1926 858 1989 dilatione
910 1928 1023 1990 vel
1077 1928 1240 1990 dolo
1292 1926 1590 1989 fideliter
1637 1928 2077 1990 observanda
2125 1927 2523 2009 obligamus
2582 1946 2712 1989 nos
2773 1937 2843 1989 et

522 2033 701 2076 succ.
735 2024 1033 2089 nostr05‚
1066 2023 1287 2077 terras
1339 2022 1409 2077 et
1457 2025 1622 2090 ten„
1656 2025 1725 2077 et
1766 2016 2001 2078 omnia
2044 2016 2230 2077 bona
2261 2024 2521 2090 nostra,
2556 2012 2846 2076 mobilia

518 2110 587 2162 et
642 2101 1025 2178 inmobilia,
1059 2100 1534 2164 ecclesiastica
1580 2111 1651 2163 et
1697 2104 2073 2179 mundana,
2107 2101 2461 2183 presentia
2490 2110 2560 2163 et
2589 2099 2841 2172 futura,

518 2189 917 2251 communia
966 2188 1277 2251 omnium
1334 2198 1647 2251 nostrum
1700 2199 1770 2252 et
1819 2189 2103 2271 propria
2153 2188 2612 2270 singulorum.
2733 2187 2843 2250 Ita

518 2275 703 2355 quod
737 2275 795 2338 si
816 2274 1049 2338 forsan
1084 2275 1154 2338 in
1189 2276 1535 2339 solutione
1566 2276 1901 2356 predicta,
1936 2278 2120 2359 quod
2154 2277 2360 2349 absit,
2388 2295 2514 2338 suo
2543 2275 2844 2338 termino

516 2361 989 2439 defecerimus,
1016 2363 1126 2425 vel
1161 2363 1231 2425 in
1263 2372 1413 2425 toto
1443 2363 1554 2425 vel
1581 2364 1653 2424 in
1674 2373 1874 2445 parte
1897 2362 2101 2426 fuerit
2125 2372 2498 2440 cessatum,
2517 2362 2839 2425 volumus

516 2458 584 2511 et
615 2450 1059 2512 concedimus
1090 2469 1216 2531 pro
1247 2450 1452 2513 nobis
1483 2460 1553 2512 et
1585 2470 1767 2513 suco
1802 2451 2080 2526 nostris,
2114 2450 2300 2532 quod
2332 2449 2539 2512 liceat
2570 2448 2839 2530 prefato

518 2537 800 2601 domino
855 2537 1316 2601 Eademundo
1367 2558 1557 2602 exeC.
1614 2538 1727 2600 vel
1777 2537 2016 2622 assig.,
2074 2558 2199 2620 per
2250 2557 2488 2600 eorum
2542 2535 2844 2600 ballivos

516 2625 829 2705 predicta
859 2625 1095 2688 omnia
1126 2637 1368 2703 terraS,
1400 2633 1539 2690 ten.
1575 2635 1644 2687 et
1675 2626 1912 2689 omnia
1943 2628 2130 2689 bona
2161 2635 2419 2703 nostra,
2453 2624 2742 2687 mobilia
2773 2633 2842 2687 et

516 2711 900 2789 inmobilia,
950 2713 1345 2795 ubicunque
1395 2710 1652 2775 fuerint
1713 2713 2020 2790 inventa,
2082 2713 2367 2795 propria
2425 2711 2839 2774 auctoritate

517 2798 812 2880 ingredi,
845 2798 1144 2862 vendere
1193 2811 1262 2863 et
1315 2800 1643 2875 alienare,
1676 2800 1787 2863 vel
1836 2820 1962 2881 pro
2015 2819 2253 2863 eorum
2301 2799 2663 2862 voluntate
2692 2806 2836 2861 tam

514 2887 636 2948 diu
687 2894 922 2949 tenere
953 2887 1175 2949 donec
1227 2887 1314 2949 de
1366 2887 1683 2969 predicta
1729 2887 2046 2969 pecunia,
2080 2906 2378 2950 unacum
2411 2886 2739 2967 dampnis
2770 2895 2841 2948 et

515 2975 844 3055 expensis
898 2973 1317 3056 supradictis
1370 2974 1685 3055 plenarie
1736 2973 1941 3037 fuerit
1995 2973 2448 3038 satisfactum.
2541 2972 2836 3035 Renun-

514 3060 781 3123 ciantes
855 3061 927 3124 in
1004 3060 1363 3142 premissis
1437 3062 1765 3125 omnibus
1839 3071 1908 3124 et
1983 3061 2283 3143 singulis
2357 3059 2551 3124 brevi
2634 3079 2837 3122 novae

513 3148 923 3224 disseisinae,
958 3148 1146 3211 omni
1197 3148 1616 3230 exceptioni,
1673 3148 2124 3225 cavillationi,
2181 3146 2590 3224 defensioni,
2644 3147 2836 3209 omni

513 3235 903 3317 privilegio,
958 3235 1464 3313 consuetudini,
1522 3245 1806 3311 statut0,
1857 3235 2048 3297 omni
2094 3236 2271 3318 juris
2317 3233 2647 3311 remediO,
2690 3244 2835 3296 tam

514 3322 829 3385 canonici
891 3342 1100 3405 quam
1162 3322 1409 3397 civiliS,
1464 3322 1716 3385 litteris
1776 3322 1985 3385 etiam
2048 3321 2452 3405 apostolicis
2502 3330 2572 3383 et
2622 3321 2837 3403 regiis

512 3408 902 3491 impetratis
957 3419 1025 3472 et
1075 3409 1553 3491 impetrandiS,
1588 3430 1715 3490 per
1763 3429 1921 3491 quae
1971 3412 2083 3472 vel
2137 3430 2314 3493 quas
2363 3409 2550 3471 dicta
2582 3408 2836 3471 solutio

510 3505 656 3558 tam
707 3497 923 3560 debiti
973 3496 1383 3578 principalis
1437 3517 1648 3578 quam
1710 3497 2174 3579 dampnorum
2236 3505 2306 3560 et
2365 3514 2834 3577 expensarum

510 3584 999 3665 quoquomodo
1031 3585 1286 3665 poterit
1316 3584 1654 3647 retardari
1687 3604 1808 3646 seu
1841 3584 2184 3665 impediri.
2261 3581 2836 3665 Recognovimus

509 3670 721 3733 etiam
753 3671 825 3733 in
859 3671 1051 3734 curia
1082 3670 1345 3733 domini
1396 3671 1614 3734 nostri
1647 3670 1856 3753 regis,
1892 3681 1960 3733 et
1991 3672 2061 3733 in
2095 3671 2342 3736 rotulis
2395 3669 2833 3733 cancellariae

511 3778 654 3820 suae
686 3757 1031 3821 irrotulari
1063 3756 1375 3835 fecimuS,
1396 3759 1605 3840 quod,
1634 3759 1691 3820 si
1714 3758 1787 3820 in
1809 3758 2153 3821 solutione
2173 3757 2484 3840 predicta
2504 3755 2832 3820 defeceri-

508 3864 683 3920 muS‚
716 3845 1040 3908 dominus
1092 3865 1219 3908 rex
1268 3846 1357 3907 de
1405 3846 1608 3907 terris
1650 3855 1718 3907 et
1760 3846 2037 3908 catallis
2084 3846 2342 3908 nostris
2392 3844 2724 3925 predictis
2758 3854 2828 3906 et

507 3951 688 3996 succ.
725 3942 1113 3995 nostrorum
1167 3931 1315 3995 fieri
1358 3942 1427 3994 et
1459 3932 1675 3994 levari
1707 3931 1918 3995 faciat
1949 3932 2279 4014 quicquid
2312 3952 2355 3993 a
2384 3942 2569 3994 retro
2600 3929 2828 4008 fuerit,

506 4029 649 4080 tam
712 4019 799 4082 de
861 4019 1096 4082 debito
1158 4019 1524 4101 principali
1588 4039 1799 4100 quam
1850 4020 1937 4082 de
1990 4019 2318 4101 dampnis
2371 4037 2442 4083 et
2493 4018 2827 4099 expensis

506 4107 946 4187 supradictiS,
1002 4107 1092 4168 ad
1140 4126 1317 4188 opus
1369 4105 1591 4187 ipsius
1642 4107 1906 4169 domini
1957 4107 2419 4184 Eademundi,
2471 4125 2661 4168 exec.
2712 4104 2824 4167 vel

505 4193 771 4276 assign.
807 4213 1108 4272 suorum,
1142 4194 1293 4257 sine
1324 4193 1638 4276 quolibet
1669 4193 2166 4277 inpedimenta
