3187 5105
175 4258 253 4298 Fo.
274 4270 336 4309 57.

535 497 650 557 128
744 508 893 556 THE
924 507 1302 558 REGISTER
1325 508 1421 558 OF
1450 507 1940 558 ARCHBISHOP
1969 508 2299 557 WALTER
2330 508 2683 561 GIFFARD.

525 668 595 731 in
644 667 1271 751 perhendinatione
1316 668 1590 731 dilectae
1637 668 1841 732 nobis
1886 668 2191 732 dominae
2257 668 2535 742 Matill',
2590 670 2846 734 sororis

523 765 803 832 nostrae,
838 755 1027 837 apud
1073 756 1137 818 N
1142 766 1367 831 orton,
1401 776 1444 817 a
1488 754 1668 819 festo
1701 754 1775 819 S.
1810 755 2165 819 Dunstani
2211 776 2432 838 usque
2463 757 2553 819 ad
2584 755 2840 821 festum

526 841 659 905 SS.
696 842 1091 905 Marcellini
1124 853 1195 905 et
1229 842 1416 907 Petri
1453 841 1652 926 (May
1692 841 2035 923 19—June
2063 842 2146 928 2).

609 928 1034 992 DXXXIV.
1129 950 1163 1008 3
1212 930 1352 991 kal.
1403 928 1599 1011 Sept.
1638 929 1849 1013 (Aug.
1900 930 2028 1015 30),
2073 933 2255 995 1268.
2349 929 2642 995 Lanum.
2736 931 2840 995 To

523 1016 744 1099 Hugh
780 1016 1112 1168 Exi-erard.
1206 1016 1356 1100 Pay
1390 1017 1657 1080 Master
1686 1016 2023 1080 Nicholas
2056 1018 2143 1080 de
2176 1016 2447 1081 Ocham
2491 1037 2563 1094 14
2599 1020 2838 1083 marks

520 1102 600 1165 of
621 1123 749 1166 our
835 1103 848 1116 ⁹
885 1114 913 1165 t

606 1122 992 1252 DXffXV.
1085 1188 1222 1252 Die
1269 1188 1343 1253 S.
1394 1189 1765 1253 Michaelis
1814 1188 2033 1275 (Sept.
2087 1189 2445 1276 29),1268.
2539 1191 2830 1258 Lenton.

517 1277 620 1339 To
655 1277 747 1340 R.
784 1276 1004 1340 Huse.
1099 1275 1249 1360 Pay
1298 1297 1425 1339 our
1467 1278 1656 1340 valet
1711 1276 2002 1361 (vadleto)
2058 1278 2279 1361 Hugh
2326 1279 2413 1341 de
2459 1278 2836 1364 Babynton

544 1370 630 1425 ‘x
663 1383 932 1426 marcas
964 1364 1051 1425 de
1083 1363 1388 1426 denariis
1421 1374 1933 1446 sequestrorum
1966 1366 2403 1428 nostrorum.²

605 1450 1030 1515 DXXXVI.
1123 1450 1626 1535 Whitsunday,
1663 1450 1859 1535 (May
1898 1451 2252 1536 27),1268.
2343 1452 2447 1516 To
2495 1451 2611 1516 Sir
2652 1452 2835 1531 John

518 1538 606 1600 de
661 1537 998 1621 Holteby,
1054 1538 1437 1601 seneschal.
1532 1539 1683 1621 Pay
1744 1558 1870 1601 our
1928 1539 2140 1616 clerk,
2191 1538 2554 1621 Reginald
2611 1538 2832 1618 Huse,

530 1629 660 1690 16s,
698 1625 830 1700 8d.,
866 1630 1055 1706 “pro
1086 1626 1259 1688 roba
1292 1626 1426 1688 sibi
1458 1626 1761 1708 emptaff’

361 1736 492 1813 ‘’¹⁰3'‘
607 1671 1070 1774 DXX’XVH.
1145 1732 1214 1790 13
1249 1712 1389 1776 kal.
1426 1713 1629 1790 Nov„
1651 1733 1838 1776 anno
1874 1710 2288 1796 2,(Oct.20,
2332 1714 2538 1797 1268).
2601 1713 2836 1777 West-

463 1788 1037 1865 ‘'monasterium.
1106 1798 1249 1876 W.,
1280 1800 1543 1862 ballivo
1575 1761 1662 1862 d'e
1695 1798 2016 1863 Suwelle.
2097 1799 2351 1862 Libera
2389 1800 2721 1883 Philippo
2766 1803 2834 1865 le

515 1886 783 1948 Taillur
828 1896 897 1950 et
944 1885 1253 1948 Henrico
1299 1886 1365 1949 le
1394 1885 1708 1970 WaleyS,
1744 1887 2012 1950 civibus
2061 1886 2397 1964 London.‚
2430 1890 2540 1950 vel
2590 1907 2826 1952 eorum

519 1975 933 2048 attornatis‚¹
1018 1974 1288 2036 litteras
1348 1984 1626 2036 nostras
1676 1974 2178 2055 obligatorias²
2238 1974 2325 2036 de
2381 1936 2706 2038 ’ducentis
2766 1988 2846 2040 et.

514 2059 808 2142 triginta
831 2079 955 2122 sex
975 2060 1194 2137 libris,
1218 2060 1288 2123 in
1321 2060 1575 2142 quibus
1596 2060 1859 2123 eisdem
1883 2062 2316 2139 tenebamur,
2343 2059 2831 2141 deferentibuS,

515 2156 793 2209 centum
848 2148 1065 2209 libras
1119 2148 1394 2231 argenti
1444 2168 1621 2229 quos
1674 2148 1998 2230 recepisti
2047 2149 2134 2210 de
2189 2148 2520 2211 missione
2562 2149 2830 2213 domini

515 2233 600 2296 N.
635 2234 722 2296 de
753 2232 1156 2312 Wodeford,
1190 2254 1317 2316 pro
1348 2246 1547 2315 parte
1580 2255 1872 2298 summae
1904 2235 2257 2317 predictae.
2315 2234 2607 2298 Proviso
2639 2239 2829 2318 quod

513 2321 783 2384 litteras
843 2320 1194 2403 predictas
1255 2322 1716 2405 obligatorias
1777 2322 1907 2385 tibi
1963 2323 2356 2398 restituant,
2411 2332 2481 2385 et
2536 2322 2829 2388 nichilo-

515 2408 745 2471 minus
796 2409 1056 2471 habere
1119 2407 1380 2471 faciant
1433 2410 1706 2472 litteras
1756 2408 2163 2491 quietantiae
2218 2410 2305 2472 de
2352 2419 2503 2472 tota
2558 2430 2831 2474 summa

512 2495 829 2577 predicta
857 2520 872 2570 ;
926 2506 997 2559 et
1028 2495 1157 2559 tibi
1190 2496 1727 2579 computabitur.

598 2582 1100 2646 DXXXVIII.
1215 2605 1252 2663 9
1313 2584 1454 2647 kal.
1520 2583 1676 2647 Oct.
1741 2581 1961 2668 (Sept.
2030 2584 2158 2668 23),
2229 2587 2410 2649 1268.
2504 2584 2827 2649 Friston’.

514 2668 726 2735 Mem.
762 2671 949 2752 quod
993 2669 1228 2733 Adam
1275 2670 1363 2733 de
1410 2671 1813 2753 Brempton'
1850 2671 2139 2733 clericus
2172 2671 2381 2734 solvit
2414 2671 2707 2754 Hugoni
2740 2674 2827 2737 de

514 2756 938 2839 Babington'
984 2777 1110 2839 per
1162 2767 1565 2839 preceptum
1614 2758 1878 2821 domini
1932 2758 2113 2820 xxli.
2149 2758 2266 2840 ijs,
2300 2759 2449 2840 vjd.
2485 2759 2829 2838 videlicet,

510 2844 579 2926 xj
598 2844 668 2909 li.
702 2845 768 2926 vj
787 2865 840 2907 s.
868 2852 938 2906 et
968 2854 1125 2907 octo
1146 2844 1302 2906 den.
1331 2846 1417 2907 de
1438 2846 1976 2908 obventionibus
1995 2846 2371 2927 prebendae
2395 2846 2482 2908 de
2507 2845 2826 2921 Fenton’‚

510 2940 579 2993 et
610 2930 963 2994 residuum
995 2931 1082 2993 de
1114 2930 1329 2994 variis
1351 2940 1372 2971 ³
1416 2932 1842 3015 perquisitis.

596 3016 1030 3083 DXXXIX.
1123 3019 1303 3081 Non.
1338 3018 1550 3098 Junii,
1583 3039 1771 3082 anno
1807 3040 1866 3095 2,
1902 3016 2103 3100 (June
2135 3038 2195 3096 5,
2241 3017 2448 3103 1268).
2532 3019 2825 3083 Norton.

506 3105 891 3183 willelmo,
931 3105 1194 3167 ballivo
1255 3105 1342 3168 de
1405 3104 1729 3170 Suwelle.
1824 3106 2074 3169 Libera
2125 3105 2465 3168 Durando
2519 3106 2702 3170 Boni
2756 3120 2826 3171 et

506 3192 871 3257 Thedaldo
926 3191 1289 3276 Reynerii,
1346 3192 1616 3256 civibus
1692 3203 1762 3256 et
1832 3193 2333 3256 mercatoribus
2405 3193 2829 3257 Florentinis

509 3280 581 3342 in
644 3281 916 3362 capella
977 3279 1059 3342 B.
1110 3279 1474 3342 Katerinae
1550 3280 1889 3355 Lincoln.‚
1968 3280 2037 3343 in
2113 3278 2291 3343 festo
2367 3277 2440 3343 S.
2491 3280 2828 3364 Botulphi

509 3366 711 3451 (June
773 3367 896 3452 17),
944 3377 1221 3429 centum
1273 3366 1671 3448 quindecim
1727 3368 1797 3429 li.
1847 3387 1972 3430 sex
2022 3367 2148 3431 sol.
2197 3377 2267 3430 et
2315 3377 2473 3431 octo
2525 3368 2705 3439 den..
2755 3369 2826 3431 in

506 3454 760 3536 quibus
820 3454 1083 3516 eisdem
1146 3464 1483 3517 tenemur.
1578 3453 1757 3517 Item
1819 3453 2182 3517 forestario
2237 3455 2323 3517 de
2379 3452 2825 3518 Schirewode

506 3544 746 3626 decem
780 3541 1043 3604 solidos
1075 3540 1162 3602 de
1196 3541 1381 3604 dono
1414 3550 1675 3604 nostro.

592 3627 817 3690 DXL.
912 3626 1078 3689 Kal.
1129 3626 1309 3705 Oct.,
1344 3647 1532 3690 anno
1582 3650 1639 3704 2,
1691 3627 1871 3706 (Oct.
1931 3649 1984 3705 1,
2034 3627 2240 3713 1268).
2334 3627 2629 3691 Lenton.
2721 3628 2825 3692 To

507 3713 729 3797 Hugh
781 3714 1112 3790 Everard,
1161 3715 1371 3778 clerk.
1465 3715 1618 3799 Pay
1666 3736 1793 3778 our
1842 3717 2054 3792 valet,
2088 3714 2361 3777 Robert
2407 3715 2496 3778 de
2539 3715 2826 3794 Ascote,

506 3808 546 3836 “
569 3811 815 3884 quater
845 3801 1097 3883 viginti
1131 3810 1201 3864 et
1234 3813 1374 3865 tres
1406 3802 1644 3875 libraS,
1680 3803 1771 3865 ad
1803 3803 2090 3885 negotia
2120 3811 2360 3865 nostra
2390 3803 2461 3866 in
2494 3803 2826 3866 nundinis

506 3887 579 3952 S.
617 3888 954 3970 Botulphi
987 3889 1493 3970 expedienda.'’

592 3974 856 4038 DXLI.
952 3995 985 4036 2
1036 3996 1197 4039 non.
1248 3975 1426 4041 Nov.
1464 3974 1665 4058 (Nov.
1715 3975 1801 4054 4),
1857 3979 2039 4039 1268.
2129 3975 2464 4039 Wauton.
2555 3976 2659 4039 To
2704 3978 2825 4041 the

503 4061 739 4126 bailiff
759 4061 837 4125 of
860 4061 1172 4126 Cherch'.
1266 4062 1418 4146 Pay
1449 4083 1576 4125 our
1605 4063 1795 4127 valet
1842 4062 2063 4146 Hugh
2104 4062 2191 4125 de
2224 4063 2630 4145 Babington
2665 4065 2822 4144 3611.

503 4149 608 4213 for
638 4150 1027 4213 household
1062 4169 1425 4232 expenses.

592 4236 895 4300 DXLII.
990 4236 1126 4300 Die
1172 4237 1254 4300 B.
1302 4235 1647 4317 Johannis
1695 4236 2193 4320 Ewangelistae
2226 4234 2416 4320 (Dee.
2464 4238 2592 4322 27),
2637 4243 2821 4317 1267.

505 4323 818 4389 Burton’.
865 4323 1007 4401 W.,
1042 4332 1170 4387 etc.
1237 4322 1421 4406 Quia
1451 4325 1870 4406 accepimus,
1903 4344 2029 4407 per
2059 4323 2581 4406 inquisitionem
2614 4345 2824 4406 quam

503 4410 655 4475 fieri
715 4411 1004 4475 fecimus
1078 4432 1204 4494 per
1275 4411 1463 4475 viros
1552 4409 1950 4495 fidedignos
2042 4411 2336 4475 manerii
2427 4412 2648 4475 nostri
2740 4414 2828 4477 de

963 4533 975 4554 ¹
998 4524 1281 4571 Atat-natis.
1524 4533 1545 4554 ²
1571 4521 1906 4586 obligatur-ia.
2162 4532 2182 4563 3
2213 4523 2371 4570 Varii.
