<?xml version="1.0" encoding="UTF-8"?>
<!DOCTYPE html PUBLIC "-//W3C//DTD XHTML 1.0 Transitional//EN"
    "http://www.w3.org/TR/xhtml1/DTD/xhtml1-transitional.dtd">
<html xmlns="http://www.w3.org/1999/xhtml" xml:lang="en" lang="en">
 <head>
  <title>
</title>
<meta http-equiv="Content-Type" content="text/html;charset=utf-8" />
  <meta name='ocr-system' content='tesseract 3.04.00' />
  <meta name='ocr-capabilities' content='ocr_page ocr_carea ocr_par ocr_line ocrx_word'/>
</head>
<body>
  <div class='ocr_page' id='page_1' title='image "./registerwalterg00browgoog_0352.png"; bbox 0 0 3187 5105; ppageno 0'>
   <div class='ocr_carea' id='block_1_1' title="bbox 432 496 2580 562">
    <p class='ocr_par' dir='ltr' id='par_1_1' title="bbox 432 496 2580 562">
     <span class='ocr_line' id='line_1_1' title="bbox 432 496 2580 562; baseline -0.001 -16"><span class='ocrx_word' id='word_1_1' title='bbox 432 498 582 546; x_wconf 88' lang='lat' dir='ltr'>THE</span> <span class='ocrx_word' id='word_1_2' title='bbox 613 497 990 547; x_wconf 85' lang='lat' dir='ltr'>REGISTER</span> <span class='ocrx_word' id='word_1_3' title='bbox 1013 497 1109 547; x_wconf 86' lang='lat' dir='ltr'>OF</span> <span class='ocrx_word' id='word_1_4' title='bbox 1140 497 1626 547; x_wconf 87' lang='lat' dir='ltr'>ARCHBISHOP</span> <span class='ocrx_word' id='word_1_5' title='bbox 1657 496 1985 546; x_wconf 81' lang='lat' dir='ltr'>WALTER</span> <span class='ocrx_word' id='word_1_6' title='bbox 2016 497 2369 547; x_wconf 86' lang='lat' dir='ltr'>GIFFARD.</span> <span class='ocrx_word' id='word_1_7' title='bbox 2464 503 2541 562; x_wconf 88' lang='lat'>32</span> <span class='ocrx_word' id='word_1_8' title='bbox 2560 504 2580 544; x_wconf 91' lang='lat'>1</span> 
     </span>
    </p>
   </div>
   <div class='ocr_carea' id='block_1_2' title="bbox 261 656 2845 4479">
    <p class='ocr_par' dir='ltr' id='par_1_2' title="bbox 265 656 2589 1696">
     <span class='ocr_line' id='line_1_2' title="bbox 269 656 2588 741; baseline -0.001 -20"><span class='ocrx_word' id='word_1_9' title='bbox 269 660 462 741; x_wconf 92' lang='lat' dir='ltr'>quod</span> <span class='ocrx_word' id='word_1_10' title='bbox 516 658 639 721; x_wconf 87' lang='lat' dir='ltr'>ivit</span> <span class='ocrx_word' id='word_1_11' title='bbox 693 659 880 740; x_wconf 90' lang='lat' dir='ltr'>apud</span> <span class='ocrx_word' id='word_1_12' title='bbox 931 658 1138 721; x_wconf 90' lang='lat' dir='ltr'>Ebor.</span> <span class='ocrx_word' id='word_1_13' title='bbox 1190 667 1267 721; x_wconf 91' lang='lat' dir='ltr'>ut</span> <span class='ocrx_word' id='word_1_14' title='bbox 1313 667 1715 739; x_wconf 88' lang='lat' dir='ltr'>procuraret</span> <span class='ocrx_word' id='word_1_15' title='bbox 1769 657 2252 720; x_wconf 87' lang='lat' dir='ltr'>liberationem</span> <span class='ocrx_word' id='word_1_16' title='bbox 2304 656 2588 720; x_wconf 89' lang='lat' dir='ltr'>canoni-</span> 
     </span>
     <span class='ocr_line' id='line_1_3' title="bbox 270 744 2589 827; baseline -0 -20"><span class='ocrx_word' id='word_1_17' title='bbox 270 766 510 807; x_wconf 90' lang='lat' dir='ltr'>corum</span> <span class='ocrx_word' id='word_1_18' title='bbox 575 766 618 808; x_wconf 91' lang='lat' dir='ltr'>a</span> <span class='ocrx_word' id='word_1_19' title='bbox 676 745 1083 808; x_wconf 84' lang='lat' dir='ltr'>vicecomite</span> <span class='ocrx_word' id='word_1_20' title='bbox 1166 746 1375 807; x_wconf 87' lang='lat' dir='ltr'>Ebor.</span> <span class='ocrx_word' id='word_1_21' title='bbox 1490 745 1668 807; x_wconf 85' lang='lat' dir='ltr'><strong>Item</strong></span> <span class='ocrx_word' id='word_1_22' title='bbox 1738 746 1907 807; x_wconf 91' lang='lat' dir='ltr'>dicit</span> <span class='ocrx_word' id='word_1_23' title='bbox 1967 747 2153 827; x_wconf 90' lang='lat' dir='ltr'>quod</span> <span class='ocrx_word' id='word_1_24' title='bbox 2213 744 2374 807; x_wconf 88' lang='lat' dir='ltr'>fecit</span> <span class='ocrx_word' id='word_1_25' title='bbox 2454 744 2589 806; x_wconf 91' lang='lat' dir='ltr'>sibi</span> 
     </span>
     <span class='ocr_line' id='line_1_4' title="bbox 272 832 2588 913; baseline -0 -19"><span class='ocrx_word' id='word_1_26' title='bbox 272 832 652 894; x_wconf 88' lang='lat' dir='ltr'>ministrari</span> <span class='ocrx_word' id='word_1_27' title='bbox 687 832 756 893; x_wconf 92' lang='lat' dir='ltr'>in</span> <span class='ocrx_word' id='word_1_28' title='bbox 792 852 1033 894; x_wconf 90' lang='lat' dir='ltr'>mensa</span> <span class='ocrx_word' id='word_1_29' title='bbox 1066 832 1245 895; x_wconf 88' lang='lat' dir='ltr'>sicut</span> <span class='ocrx_word' id='word_1_30' title='bbox 1275 832 1509 913; x_wconf 88' lang='lat' dir='ltr'>priori,</span> <span class='ocrx_word' id='word_1_31' title='bbox 1543 844 1614 895; x_wconf 92' lang='lat' dir='ltr'>et</span> <span class='ocrx_word' id='word_1_32' title='bbox 1661 832 1730 894; x_wconf 93' lang='lat' dir='ltr'>in</span> <span class='ocrx_word' id='word_1_33' title='bbox 1788 852 2064 894; x_wconf 89' lang='lat' dir='ltr'>camera</span> <span class='ocrx_word' id='word_1_34' title='bbox 2110 832 2360 913; x_wconf 88' lang='lat' dir='ltr'>prioris</span> <span class='ocrx_word' id='word_1_35' title='bbox 2411 832 2588 893; x_wconf 91' lang='lat' dir='ltr'>sicut</span> 
     </span>
     <span class='ocr_line' id='line_1_5' title="bbox 270 918 2583 1000; baseline 0 -20"><span class='ocrx_word' id='word_1_36' title='bbox 270 920 487 1000; x_wconf 81' lang='lat' dir='ltr'>prius,</span> <span class='ocrx_word' id='word_1_37' title='bbox 603 919 803 993; x_wconf 84' lang='lat' dir='ltr'><strong>Item,</strong></span> <span class='ocrx_word' id='word_1_38' title='bbox 866 919 1240 1000; x_wconf 90' lang='lat' dir='ltr'>requisitus</span> <span class='ocrx_word' id='word_1_39' title='bbox 1301 939 1391 981; x_wconf 89' lang='lat' dir='ltr'>an</span> <span class='ocrx_word' id='word_1_40' title='bbox 1467 918 1629 981; x_wconf 89' lang='lat' dir='ltr'>fecit</span> <span class='ocrx_word' id='word_1_41' title='bbox 1703 920 1986 1000; x_wconf 83' lang='lat' dir='ltr'>aliquod</span> <span class='ocrx_word' id='word_1_42' title='bbox 2049 920 2583 981; x_wconf 83' lang='lat' dir='ltr'>instrumentum</span> 
     </span>
     <span class='ocr_line' id='line_1_6' title="bbox 270 1006 2584 1088; baseline 0 -21"><span class='ocrx_word' id='word_1_43' title='bbox 270 1006 538 1087; x_wconf 90' lang='lat' dir='ltr'>signari</span> <span class='ocrx_word' id='word_1_44' title='bbox 582 1006 932 1068; x_wconf 90' lang='lat' dir='ltr'>communi</span> <span class='ocrx_word' id='word_1_45' title='bbox 977 1006 1233 1087; x_wconf 85' lang='lat' dir='ltr'>sigillo,</span> <span class='ocrx_word' id='word_1_46' title='bbox 1280 1007 1447 1068; x_wconf 93' lang='lat' dir='ltr'>dicit</span> <span class='ocrx_word' id='word_1_47' title='bbox 1489 1007 1677 1086; x_wconf 91' lang='lat' dir='ltr'>quod</span> <span class='ocrx_word' id='word_1_48' title='bbox 1719 1007 1817 1068; x_wconf 91' lang='lat' dir='ltr'>sic</span> <span class='ocrx_word' id='word_1_49' title='bbox 1867 1007 2217 1087; x_wconf 85' lang='lat' dir='ltr'>quoddam</span> <span class='ocrx_word' id='word_1_50' title='bbox 2261 1025 2584 1088; x_wconf 88' lang='lat' dir='ltr'>procura-</span> 
     </span>
     <span class='ocr_line' id='line_1_7' title="bbox 266 1092 2585 1174; baseline -0.001 -19"><span class='ocrx_word' id='word_1_51' title='bbox 266 1093 522 1155; x_wconf 91' lang='lat' dir='ltr'>torium</span> <span class='ocrx_word' id='word_1_52' title='bbox 558 1094 645 1154; x_wconf 92' lang='lat' dir='ltr'>ad</span> <span class='ocrx_word' id='word_1_53' title='bbox 678 1094 1237 1174; x_wconf 88' lang='lat' dir='ltr'>prosequendum</span> <span class='ocrx_word' id='word_1_54' title='bbox 1272 1093 1632 1174; x_wconf 84' lang='lat' dir='ltr'>negotium</span> <span class='ocrx_word' id='word_1_55' title='bbox 1667 1093 2092 1155; x_wconf 89' lang='lat' dir='ltr'>inchoatum.</span> <span class='ocrx_word' id='word_1_56' title='bbox 2170 1092 2585 1174; x_wconf 91' lang='lat' dir='ltr'>Requisitus</span> 
     </span>
     <span class='ocr_line' id='line_1_8' title="bbox 267 1178 2587 1262; baseline -0 -21"><span class='ocrx_word' id='word_1_57' title='bbox 267 1190 373 1241; x_wconf 71' lang='lat' dir='ltr'>an‘</span> <span class='ocrx_word' id='word_1_58' title='bbox 408 1180 655 1241; x_wconf 91' lang='lat' dir='ltr'>domus</span> <span class='ocrx_word' id='word_1_59' title='bbox 711 1180 800 1241; x_wconf 90' lang='lat' dir='ltr'>sit</span> <span class='ocrx_word' id='word_1_60' title='bbox 855 1179 1355 1260; x_wconf 89' lang='lat' dir='ltr'>dampnificata</span> <span class='ocrx_word' id='word_1_61' title='bbox 1405 1191 1690 1262; x_wconf 87' lang='lat' dir='ltr'>propter</span> <span class='ocrx_word' id='word_1_62' title='bbox 1743 1179 2084 1242; x_wconf 89' lang='lat' dir='ltr'>defectum</span> <span class='ocrx_word' id='word_1_63' title='bbox 2133 1200 2356 1256; x_wconf 89' lang='lat' dir='ltr'>suum,</span> <span class='ocrx_word' id='word_1_64' title='bbox 2419 1178 2587 1241; x_wconf 91' lang='lat' dir='ltr'>dicit</span> 
     </span>
     <span class='ocr_line' id='line_1_9' title="bbox 267 1266 2585 1348; baseline -0 -20"><span class='ocrx_word' id='word_1_65' title='bbox 267 1268 454 1347; x_wconf 91' lang='lat' dir='ltr'>quod</span> <span class='ocrx_word' id='word_1_66' title='bbox 488 1286 650 1343; x_wconf 89' lang='lat' dir='ltr'>non,</span> <span class='ocrx_word' id='word_1_67' title='bbox 695 1275 799 1328; x_wconf 89' lang='lat' dir='ltr'>set</span> <span class='ocrx_word' id='word_1_68' title='bbox 849 1267 1234 1342; x_wconf 88' lang='lat' dir='ltr'>meliorata,</span> <span class='ocrx_word' id='word_1_69' title='bbox 1268 1266 1403 1328; x_wconf 92' lang='lat' dir='ltr'>nisi</span> <span class='ocrx_word' id='word_1_70' title='bbox 1451 1267 1520 1328; x_wconf 88' lang='lat' dir='ltr'>in</span> <span class='ocrx_word' id='word_1_71' title='bbox 1572 1287 1656 1329; x_wconf 90' lang='lat' dir='ltr'>eo</span> <span class='ocrx_word' id='word_1_72' title='bbox 1688 1268 1875 1348; x_wconf 90' lang='lat' dir='ltr'>quod</span> <span class='ocrx_word' id='word_1_73' title='bbox 1926 1268 2116 1329; x_wconf 88' lang='lat' dir='ltr'>dedit</span> <span class='ocrx_word' id='word_1_74' title='bbox 2169 1286 2274 1339; x_wconf 74' lang='grc' dir='ltr'>οε,</span> <span class='ocrx_word' id='word_1_75' title='bbox 2322 1286 2449 1348; x_wconf 93' lang='lat' dir='ltr'>pro</span> <span class='ocrx_word' id='word_1_76' title='bbox 2502 1285 2585 1328; x_wconf 90' lang='lat' dir='ltr'>eo</span> 
     </span>
     <span class='ocr_line' id='line_1_10' title="bbox 267 1351 2586 1436; baseline -0 -21"><span class='ocrx_word' id='word_1_77' title='bbox 267 1354 454 1434; x_wconf 93' lang='lat' dir='ltr'>quod</span> <span class='ocrx_word' id='word_1_78' title='bbox 504 1373 645 1415; x_wconf 93' lang='lat' dir='ltr'>non</span> <span class='ocrx_word' id='word_1_79' title='bbox 700 1353 1014 1415; x_wconf 90' lang='lat' dir='ltr'>adiverat</span> <span class='ocrx_word' id='word_1_80' title='bbox 1068 1354 1496 1416; x_wconf 90' lang='lat' dir='ltr'>comitissam</span> <span class='ocrx_word' id='word_1_81' title='bbox 1557 1353 2015 1415; x_wconf 83' lang='lat' dir='ltr'>Albemarliae</span> <span class='ocrx_word' id='word_1_82' title='bbox 2069 1374 2194 1436; x_wconf 91' lang='lat' dir='ltr'>pro</span> <span class='ocrx_word' id='word_1_83' title='bbox 2247 1351 2586 1415; x_wconf 89' lang='lat' dir='ltr'>fidelitate</span> 
     </span>
     <span class='ocr_line' id='line_1_11' title="bbox 265 1440 2584 1522; baseline 0 -21"><span class='ocrx_word' id='word_1_84' title='bbox 265 1440 589 1502; x_wconf 87' lang='lat' dir='ltr'>facienda</span> <span class='ocrx_word' id='word_1_85' title='bbox 610 1460 735 1520; x_wconf 95' lang='lat' dir='ltr'>pro</span> <span class='ocrx_word' id='word_1_86' title='bbox 767 1451 952 1501; x_wconf 91' lang='lat' dir='ltr'>terra</span> <span class='ocrx_word' id='word_1_87' title='bbox 983 1442 1069 1503; x_wconf 92' lang='lat' dir='ltr'>de</span> <span class='ocrx_word' id='word_1_88' title='bbox 1105 1440 1517 1503; x_wconf 88' lang='lat' dir='ltr'>Harewode.</span> <span class='ocrx_word' id='word_1_89' title='bbox 1590 1441 2005 1522; x_wconf 91' lang='lat' dir='ltr'>Requisitus</span> <span class='ocrx_word' id='word_1_90' title='bbox 2038 1461 2124 1502; x_wconf 93' lang='lat' dir='ltr'>an</span> <span class='ocrx_word' id='word_1_91' title='bbox 2161 1451 2584 1521; x_wconf 87' lang='lat' dir='ltr'>conquestus</span> 
     </span>
     <span class='ocr_line' id='line_1_12' title="bbox 266 1526 2585 1609; baseline 0 -21"><span class='ocrx_word' id='word_1_92' title='bbox 266 1526 397 1589; x_wconf 88' lang='lat' dir='ltr'>fuit</span> <span class='ocrx_word' id='word_1_93' title='bbox 439 1527 827 1590; x_wconf 88' lang='lat' dir='ltr'>vicecomiti</span> <span class='ocrx_word' id='word_1_94' title='bbox 882 1527 1091 1589; x_wconf 87' lang='lat' dir='ltr'>Ebor.</span> <span class='ocrx_word' id='word_1_95' title='bbox 1144 1547 1270 1608; x_wconf 92' lang='lat' dir='ltr'>pro</span> <span class='ocrx_word' id='word_1_96' title='bbox 1318 1527 1673 1589; x_wconf 91' lang='lat' dir='ltr'>canonicis</span> <span class='ocrx_word' id='word_1_97' title='bbox 1723 1528 1888 1601; x_wconf 90' lang='lat' dir='ltr'>suis,</span> <span class='ocrx_word' id='word_1_98' title='bbox 1937 1528 2106 1589; x_wconf 88' lang='lat' dir='ltr'>dicit</span> <span class='ocrx_word' id='word_1_99' title='bbox 2142 1528 2328 1609; x_wconf 93' lang='lat' dir='ltr'>quod</span> <span class='ocrx_word' id='word_1_100' title='bbox 2362 1527 2482 1604; x_wconf 90' lang='lat' dir='ltr'>sie,</span> <span class='ocrx_word' id='word_1_101' title='bbox 2515 1536 2585 1589; x_wconf 91' lang='lat' dir='ltr'>et</span> 
     </span>
     <span class='ocr_line' id='line_1_13' title="bbox 268 1614 2258 1696; baseline -0.002 -21"><span class='ocrx_word' id='word_1_102' title='bbox 268 1614 404 1675; x_wconf 92' lang='lat' dir='ltr'>sibi</span> <span class='ocrx_word' id='word_1_103' title='bbox 438 1624 507 1676; x_wconf 91' lang='lat' dir='ltr'>et</span> <span class='ocrx_word' id='word_1_104' title='bbox 538 1614 717 1676; x_wconf 78' lang='lat' dir='ltr'>aliis,</span> <span class='ocrx_word' id='word_1_105' title='bbox 2239 1677 2258 1696; x_wconf 52' lang='lat'><strong>.</strong></span> 
     </span>
    </p>

    <p class='ocr_par' dir='ltr' id='par_1_3' title="bbox 261 1700 2580 1869">
     <span class='ocr_line' id='line_1_14' title="bbox 358 1700 2580 1764; baseline 0 -2"><span class='ocrx_word' id='word_1_106' title='bbox 358 1700 534 1763; x_wconf 91' lang='lat' dir='ltr'>Item</span> <span class='ocrx_word' id='word_1_107' title='bbox 567 1711 755 1763; x_wconf 91' lang='lat' dir='ltr'>totus</span> <span class='ocrx_word' id='word_1_108' title='bbox 779 1708 794 1731; x_wconf 90' lang='lat'>¹</span> <span class='ocrx_word' id='word_1_109' title='bbox 837 1709 1223 1763; x_wconf 91' lang='lat' dir='ltr'>conventus</span> <span class='ocrx_word' id='word_1_110' title='bbox 1265 1701 1580 1764; x_wconf 90' lang='lat' dir='ltr'>unanimi</span> <span class='ocrx_word' id='word_1_111' title='bbox 1613 1721 1905 1763; x_wconf 88' lang='lat' dir='ltr'>assensu</span> <span class='ocrx_word' id='word_1_112' title='bbox 1936 1701 2369 1764; x_wconf 84' lang='lat' dir='ltr'>renunciavit</span> <span class='ocrx_word' id='word_1_113' title='bbox 2419 1720 2580 1763; x_wconf 90' lang='lat' dir='ltr'>con-</span> 
     </span>
     <span class='ocr_line' id='line_1_15' title="bbox 261 1786 2387 1869; baseline 0 -20"><span class='ocrx_word' id='word_1_114' title='bbox 261 1787 595 1868; x_wconf 89' lang='lat' dir='ltr'>jurationi</span> <span class='ocrx_word' id='word_1_115' title='bbox 628 1799 698 1850; x_wconf 91' lang='lat' dir='ltr'>et</span> <span class='ocrx_word' id='word_1_116' title='bbox 729 1786 1228 1869; x_wconf 81' lang='lat' dir='ltr'>conspirationi</span> <span class='ocrx_word' id='word_1_117' title='bbox 1260 1786 1462 1851; x_wconf 86' lang='lat' dir='ltr'>factae</span> <span class='ocrx_word' id='word_1_118' title='bbox 1494 1797 1736 1850; x_wconf 89' lang='lat' dir='ltr'>contra</span> <span class='ocrx_word' id='word_1_119' title='bbox 1767 1789 2387 1869; x_wconf 91' lang='lat' dir='ltr'>archiepiscopum.</span> 
     </span>
    </p>

    <p class='ocr_par' dir='ltr' id='par_1_4' title="bbox 261 1866 2845 4216">
     <span class='ocr_line' id='line_1_16' title="bbox 356 1866 2845 1959; baseline 0 -23"><span class='ocrx_word' id='word_1_120' title='bbox 356 1875 598 1936; x_wconf 90' lang='lat' dir='ltr'>Frater</span> <span class='ocrx_word' id='word_1_121' title='bbox 672 1875 1000 1955; x_wconf 84' lang='lat' dir='ltr'>Rogerus</span> <span class='ocrx_word' id='word_1_122' title='bbox 1076 1876 1163 1937; x_wconf 91' lang='lat' dir='ltr'>de</span> <span class='ocrx_word' id='word_1_123' title='bbox 1239 1874 1654 1959; x_wconf 87' lang='lat' dir='ltr'>Ingoldeby,</span> <span class='ocrx_word' id='word_1_124' title='bbox 1732 1876 2075 1957; x_wconf 88' lang='lat' dir='ltr'>subprior,</span> <span class='ocrx_word' id='word_1_125' title='bbox 2164 1875 2437 1956; x_wconf 89' lang='lat' dir='ltr'>juratus</span> <span class='ocrx_word' id='word_1_126' title='bbox 2511 1884 2581 1937; x_wconf 92' lang='lat' dir='ltr'>et</span> <span class='ocrx_word' id='word_1_127' title='bbox 2608 1866 2845 1958; x_wconf 51' lang='grc' dir='ltr'>ξξζξᾟῑςηᾶ·</span> 
     </span>
     <span class='ocr_line' id='line_1_17' title="bbox 266 1960 2828 2058; baseline 0.001 -37"><span class='ocrx_word' id='word_1_128' title='bbox 266 1962 730 2037; x_wconf 84' lang='lat' dir='ltr'>examinatuS,</span> <span class='ocrx_word' id='word_1_129' title='bbox 787 1961 955 2023; x_wconf 92' lang='lat' dir='ltr'>dicit</span> <span class='ocrx_word' id='word_1_130' title='bbox 997 1963 1183 2043; x_wconf 94' lang='lat' dir='ltr'>quod</span> <span class='ocrx_word' id='word_1_131' title='bbox 1238 1962 1625 2042; x_wconf 87' lang='lat' dir='ltr'>conjuratio</span> <span class='ocrx_word' id='word_1_132' title='bbox 1669 1973 1739 2025; x_wconf 93' lang='lat' dir='ltr'>et</span> <span class='ocrx_word' id='word_1_133' title='bbox 1779 1962 2206 2043; x_wconf 89' lang='lat' dir='ltr'>conspiratio</span> <span class='ocrx_word' id='word_1_134' title='bbox 2236 1961 2420 2024; x_wconf 88' lang='lat' dir='ltr'>facta</span> <span class='ocrx_word' id='word_1_135' title='bbox 2451 1960 2580 2024; x_wconf 92' lang='lat' dir='ltr'>fuit</span> <span class='ocrx_word' id='word_1_136' title='bbox 2607 1967 2828 2058; x_wconf 55' lang='grc' dir='ltr'>ξοεῗέξξ</span> 
     </span>
     <span class='ocr_line' id='line_1_18' title="bbox 262 2031 2840 2131; baseline -0.001 -21"><span class='ocrx_word' id='word_1_137' title='bbox 262 2068 389 2128; x_wconf 91' lang='lat' dir='ltr'>per</span> <span class='ocrx_word' id='word_1_138' title='bbox 413 2049 709 2129; x_wconf 90' lang='lat' dir='ltr'>priorem</span> <span class='ocrx_word' id='word_1_139' title='bbox 736 2058 978 2110; x_wconf 91' lang='lat' dir='ltr'>contra</span> <span class='ocrx_word' id='word_1_140' title='bbox 1003 2049 1627 2130; x_wconf 90' lang='lat' dir='ltr'>archiepiscopum,</span> <span class='ocrx_word' id='word_1_141' title='bbox 1650 2050 1811 2131; x_wconf 91' lang='lat' dir='ltr'>quia</span> <span class='ocrx_word' id='word_1_142' title='bbox 1839 2070 1962 2131; x_wconf 93' lang='lat' dir='ltr'>per</span> <span class='ocrx_word' id='word_1_143' title='bbox 1984 2051 2200 2111; x_wconf 90' lang='lat' dir='ltr'>verba</span> <span class='ocrx_word' id='word_1_144' title='bbox 2223 2049 2579 2111; x_wconf 91' lang='lat' dir='ltr'>inductiva</span> <span class='ocrx_word' id='word_1_145' title='bbox 2606 2031 2840 2119; x_wconf 51' lang='lat' dir='ltr'>sssffssrzorl·</span> 
     </span>
     <span class='ocr_line' id='line_1_19' title="bbox 264 2135 2578 2218; baseline 0 -22"><span class='ocrx_word' id='word_1_146' title='bbox 264 2135 583 2212; x_wconf 89' lang='lat' dir='ltr'>dicendo,</span> <span class='ocrx_word' id='word_1_147' title='bbox 615 2135 888 2197; x_wconf 90' lang='lat' dir='ltr'>Videbo</span> <span class='ocrx_word' id='word_1_148' title='bbox 938 2136 1094 2217; x_wconf 90' lang='lat' dir='ltr'>quis</span> <span class='ocrx_word' id='word_1_149' title='bbox 1119 2135 1399 2217; x_wconf 84' lang='lat' dir='ltr'>juravit,</span> <span class='ocrx_word' id='word_1_150' title='bbox 1435 2145 1503 2198; x_wconf 89' lang='lat' dir='ltr'>et</span> <span class='ocrx_word' id='word_1_151' title='bbox 1556 2147 1800 2218; x_wconf 91' lang='lat' dir='ltr'>postea</span> <span class='ocrx_word' id='word_1_152' title='bbox 1844 2137 2336 2200; x_wconf 91' lang='lat' dir='ltr'>comminando</span> <span class='ocrx_word' id='word_1_153' title='bbox 2377 2136 2578 2211; x_wconf 88' lang='lat' dir='ltr'>dixit,</span> 
     </span>
     <span class='ocr_line' id='line_1_20' title="bbox 263 2221 2580 2304; baseline 0 -21"><span class='ocrx_word' id='word_1_154' title='bbox 263 2221 538 2284; x_wconf 90' lang='lat' dir='ltr'>Videbo</span> <span class='ocrx_word' id='word_1_155' title='bbox 613 2223 770 2303; x_wconf 92' lang='lat' dir='ltr'>quis</span> <span class='ocrx_word' id='word_1_156' title='bbox 859 2223 1155 2285; x_wconf 91' lang='lat' dir='ltr'>voluerit</span> <span class='ocrx_word' id='word_1_157' title='bbox 1244 2224 1656 2286; x_wconf 88' lang='lat' dir='ltr'>consentire.</span> <span class='ocrx_word' id='word_1_158' title='bbox 1778 2224 1870 2286; x_wconf 90' lang='lat' dir='ltr'>Et</span> <span class='ocrx_word' id='word_1_159' title='bbox 1959 2235 2342 2286; x_wconf 89' lang='lat' dir='ltr'>conventus</span> <span class='ocrx_word' id='word_1_160' title='bbox 2435 2243 2580 2304; x_wconf 87' lang='lat' dir='ltr'>prae</span> 
     </span>
     <span class='ocr_line' id='line_1_21' title="bbox 261 2308 2581 2391; baseline 0 -21"><span class='ocrx_word' id='word_1_161' title='bbox 261 2308 512 2371; x_wconf 89' lang='lat' dir='ltr'>timore</span> <span class='ocrx_word' id='word_1_162' title='bbox 560 2310 863 2390; x_wconf 91' lang='lat' dir='ltr'>quodam</span> <span class='ocrx_word' id='word_1_163' title='bbox 910 2310 1191 2390; x_wconf 84' lang='lat' dir='ltr'>juravit,</span> <span class='ocrx_word' id='word_1_164' title='bbox 1247 2320 1315 2372; x_wconf 93' lang='lat' dir='ltr'>et</span> <span class='ocrx_word' id='word_1_165' title='bbox 1376 2311 1508 2373; x_wconf 90' lang='lat' dir='ltr'>iste</span> <span class='ocrx_word' id='word_1_166' title='bbox 1556 2310 1830 2391; x_wconf 87' lang='lat' dir='ltr'>juratus</span> <span class='ocrx_word' id='word_1_167' title='bbox 1872 2312 2041 2373; x_wconf 92' lang='lat' dir='ltr'>dicit</span> <span class='ocrx_word' id='word_1_168' title='bbox 2094 2312 2278 2391; x_wconf 90' lang='lat' dir='ltr'>quod</span> <span class='ocrx_word' id='word_1_169' title='bbox 2339 2321 2581 2371; x_wconf 89' lang='lat' dir='ltr'>contra</span> 
     </span>
     <span class='ocr_line' id='line_1_22' title="bbox 264 2396 2580 2480; baseline 0 -23"><span class='ocrx_word' id='word_1_170' title='bbox 264 2396 764 2458; x_wconf 91' lang='lat' dir='ltr'>conscientiam</span> <span class='ocrx_word' id='word_1_171' title='bbox 827 2417 1022 2458; x_wconf 90' lang='lat' dir='ltr'>suam</span> <span class='ocrx_word' id='word_1_172' title='bbox 1079 2397 1359 2477; x_wconf 90' lang='lat' dir='ltr'>juravit.</span> <span class='ocrx_word' id='word_1_173' title='bbox 1453 2397 1632 2460; x_wconf 91' lang='lat' dir='ltr'>Item</span> <span class='ocrx_word' id='word_1_174' title='bbox 1695 2398 1864 2459; x_wconf 91' lang='lat' dir='ltr'>dicit</span> <span class='ocrx_word' id='word_1_175' title='bbox 1924 2399 2111 2480; x_wconf 93' lang='lat' dir='ltr'>quod</span> <span class='ocrx_word' id='word_1_176' title='bbox 2172 2397 2362 2478; x_wconf 90' lang='lat' dir='ltr'>prior</span> <span class='ocrx_word' id='word_1_177' title='bbox 2420 2406 2580 2478; x_wconf 92' lang='lat' dir='ltr'>post</span> 
     </span>
     <span class='ocr_line' id='line_1_23' title="bbox 264 2483 2580 2567; baseline 0.001 -23"><span class='ocrx_word' id='word_1_178' title='bbox 264 2483 792 2565; x_wconf 89' lang='lat' dir='ltr'>suspensionem</span> <span class='ocrx_word' id='word_1_179' title='bbox 828 2483 1247 2545; x_wconf 87' lang='lat' dir='ltr'>ministravit</span> <span class='ocrx_word' id='word_1_180' title='bbox 1278 2484 1348 2545; x_wconf 91' lang='lat' dir='ltr'>in</span> <span class='ocrx_word' id='word_1_181' title='bbox 1382 2485 1706 2547; x_wconf 90' lang='lat' dir='ltr'>omnibus</span> <span class='ocrx_word' id='word_1_182' title='bbox 1728 2485 1906 2547; x_wconf 92' lang='lat' dir='ltr'>sicut</span> <span class='ocrx_word' id='word_1_183' title='bbox 1930 2486 2136 2567; x_wconf 87' lang='lat' dir='ltr'>prior,</span> <span class='ocrx_word' id='word_1_184' title='bbox 2170 2503 2254 2547; x_wconf 91' lang='lat' dir='ltr'>eo</span> <span class='ocrx_word' id='word_1_185' title='bbox 2285 2494 2580 2566; x_wconf 90' lang='lat' dir='ltr'>excepto</span> 
     </span>
     <span class='ocr_line' id='line_1_24' title="bbox 264 2571 2578 2653; baseline 0 -21"><span class='ocrx_word' id='word_1_186' title='bbox 264 2573 451 2651; x_wconf 91' lang='lat' dir='ltr'>quod</span> <span class='ocrx_word' id='word_1_187' title='bbox 485 2590 623 2633; x_wconf 91' lang='lat' dir='ltr'>non</span> <span class='ocrx_word' id='word_1_188' title='bbox 658 2571 1180 2652; x_wconf 87' lang='lat' dir='ltr'>ingrediebatur</span> <span class='ocrx_word' id='word_1_189' title='bbox 1207 2573 1515 2648; x_wconf 90' lang='lat' dir='ltr'>chorum,</span> <span class='ocrx_word' id='word_1_190' title='bbox 1537 2572 1943 2653; x_wconf 90' lang='lat' dir='ltr'>capitulum,</span> <span class='ocrx_word' id='word_1_191' title='bbox 1969 2592 2097 2635; x_wconf 92' lang='lat' dir='ltr'>nec</span> <span class='ocrx_word' id='word_1_192' title='bbox 2122 2571 2578 2648; x_wconf 88' lang='lat' dir='ltr'>refectorium,</span> 
     </span>
     <span class='ocr_line' id='line_1_25' title="bbox 267 2658 2581 2740; baseline 0.001 -22"><span class='ocrx_word' id='word_1_193' title='bbox 267 2659 575 2719; x_wconf 92' lang='lat' dir='ltr'>sedendo</span> <span class='ocrx_word' id='word_1_194' title='bbox 609 2658 677 2719; x_wconf 92' lang='lat' dir='ltr'>in</span> <span class='ocrx_word' id='word_1_195' title='bbox 713 2659 865 2719; x_wconf 90' lang='lat' dir='ltr'>loco</span> <span class='ocrx_word' id='word_1_196' title='bbox 912 2659 1183 2738; x_wconf 84' lang='lat' dir='ltr'>prioriS,</span> <span class='ocrx_word' id='word_1_197' title='bbox 1232 2669 1338 2721; x_wconf 89' lang='lat' dir='ltr'>set</span> <span class='ocrx_word' id='word_1_198' title='bbox 1369 2659 1440 2720; x_wconf 92' lang='lat' dir='ltr'>in</span> <span class='ocrx_word' id='word_1_199' title='bbox 1495 2659 1960 2740; x_wconf 88' lang='lat' dir='ltr'>parliamento</span> <span class='ocrx_word' id='word_1_200' title='bbox 1993 2679 2067 2721; x_wconf 89' lang='lat' dir='ltr'>se</span> <span class='ocrx_word' id='word_1_201' title='bbox 2109 2659 2356 2721; x_wconf 89' lang='lat' dir='ltr'>habuit</span> <span class='ocrx_word' id='word_1_202' title='bbox 2402 2658 2581 2721; x_wconf 91' lang='lat' dir='ltr'>sicut</span> 
     </span>
     <span class='ocr_line' id='line_1_26' title="bbox 265 2743 2578 2828; baseline 0.001 -23"><span class='ocrx_word' id='word_1_203' title='bbox 265 2744 473 2824; x_wconf 89' lang='lat' dir='ltr'>prior.</span> <span class='ocrx_word' id='word_1_204' title='bbox 595 2743 795 2820; x_wconf 92' lang='lat' dir='ltr'>Item,</span> <span class='ocrx_word' id='word_1_205' title='bbox 840 2745 1113 2825; x_wconf 90' lang='lat' dir='ltr'>juratus</span> <span class='ocrx_word' id='word_1_206' title='bbox 1166 2754 1234 2807; x_wconf 89' lang='lat' dir='ltr'>et</span> <span class='ocrx_word' id='word_1_207' title='bbox 1289 2746 1733 2808; x_wconf 90' lang='lat' dir='ltr'>examinatus</span> <span class='ocrx_word' id='word_1_208' title='bbox 1793 2746 1960 2809; x_wconf 89' lang='lat' dir='ltr'>dicit</span> <span class='ocrx_word' id='word_1_209' title='bbox 1991 2747 2177 2828; x_wconf 91' lang='lat' dir='ltr'>quod</span> <span class='ocrx_word' id='word_1_210' title='bbox 2226 2746 2578 2827; x_wconf 89' lang='lat' dir='ltr'>quoddam</span> 
     </span>
     <span class='ocr_line' id='line_1_27' title="bbox 266 2830 2577 2915; baseline 0.001 -24"><span class='ocrx_word' id='word_1_211' title='bbox 266 2831 814 2911; x_wconf 87' lang='lat' dir='ltr'>procuratorium</span> <span class='ocrx_word' id='word_1_212' title='bbox 847 2830 977 2893; x_wconf 89' lang='lat' dir='ltr'>fuit</span> <span class='ocrx_word' id='word_1_213' title='bbox 1008 2834 1359 2895; x_wconf 90' lang='lat' dir='ltr'>communi</span> <span class='ocrx_word' id='word_1_214' title='bbox 1394 2833 1630 2913; x_wconf 87' lang='lat' dir='ltr'>sigillo</span> <span class='ocrx_word' id='word_1_215' title='bbox 1656 2833 2010 2913; x_wconf 89' lang='lat' dir='ltr'>signatum</span> <span class='ocrx_word' id='word_1_216' title='bbox 2033 2833 2123 2894; x_wconf 89' lang='lat' dir='ltr'>ad</span> <span class='ocrx_word' id='word_1_217' title='bbox 2154 2852 2577 2915; x_wconf 89' lang='lat' dir='ltr'>prosequen-</span> 
     </span>
     <span class='ocr_line' id='line_1_28' title="bbox 265 2918 2581 3002; baseline 0.001 -24"><span class='ocrx_word' id='word_1_218' title='bbox 265 2919 428 2980; x_wconf 91' lang='lat' dir='ltr'>dum</span> <span class='ocrx_word' id='word_1_219' title='bbox 507 2918 865 2999; x_wconf 86' lang='lat' dir='ltr'>negotium</span> <span class='ocrx_word' id='word_1_220' title='bbox 927 2920 1353 2996; x_wconf 90' lang='lat' dir='ltr'>inchoatum,</span> <span class='ocrx_word' id='word_1_221' title='bbox 1415 2931 1484 2981; x_wconf 90' lang='lat' dir='ltr'>et</span> <span class='ocrx_word' id='word_1_222' title='bbox 1546 2921 1605 2982; x_wconf 92' lang='lat' dir='ltr'>si</span> <span class='ocrx_word' id='word_1_223' title='bbox 1667 2920 1764 2981; x_wconf 65' lang='lat' dir='ltr'>illi</span> <span class='ocrx_word' id='word_1_224' title='bbox 1817 2921 1836 2980; x_wconf 80' lang='grc' dir='ltr'>ἶ</span> <span class='ocrx_word' id='word_1_225' title='bbox 1916 2920 2274 3002; x_wconf 90' lang='lat' dir='ltr'>negotium</span> <span class='ocrx_word' id='word_1_226' title='bbox 2335 2918 2581 2982; x_wconf 88' lang='lat' dir='ltr'>fuisset</span> 
     </span>
     <span class='ocr_line' id='line_1_29' title="bbox 262 3007 2578 3087; baseline 0.001 -22"><span class='ocrx_word' id='word_1_227' title='bbox 262 3016 705 3086; x_wconf 91' lang='lat' dir='ltr'>prosecutum</span> <span class='ocrx_word' id='word_1_228' title='bbox 761 3007 1138 3068; x_wconf 91' lang='lat' dir='ltr'>secundum</span> <span class='ocrx_word' id='word_1_229' title='bbox 1173 3008 1359 3087; x_wconf 91' lang='lat' dir='ltr'>quod</span> <span class='ocrx_word' id='word_1_230' title='bbox 1408 3007 1641 3069; x_wconf 90' lang='lat' dir='ltr'>extitit</span> <span class='ocrx_word' id='word_1_231' title='bbox 1694 3018 1937 3068; x_wconf 90' lang='lat' dir='ltr'>contra</span> <span class='ocrx_word' id='word_1_232' title='bbox 1980 3007 2578 3086; x_wconf 87' lang='lat' dir='ltr'>archiepiscopum</span> 
     </span>
     <span class='ocr_line' id='line_1_30' title="bbox 264 3092 2581 3172; baseline 0 -18"><span class='ocrx_word' id='word_1_233' title='bbox 264 3092 760 3172; x_wconf 89' lang='lat' dir='ltr'>conspiratum,</span> <span class='ocrx_word' id='word_1_234' title='bbox 837 3093 1087 3155; x_wconf 91' lang='lat' dir='ltr'>domus</span> <span class='ocrx_word' id='word_1_235' title='bbox 1161 3092 1450 3156; x_wconf 88' lang='lat' dir='ltr'>confusa</span> <span class='ocrx_word' id='word_1_236' title='bbox 1507 3092 1751 3156; x_wconf 88' lang='lat' dir='ltr'>fuisset</span> <span class='ocrx_word' id='word_1_237' title='bbox 1836 3094 2438 3156; x_wconf 88' lang='lat' dir='ltr'>irremediabiliter</span> <span class='ocrx_word' id='word_1_238' title='bbox 2511 3103 2581 3155; x_wconf 93' lang='lat' dir='ltr'>et</span> 
     </span>
     <span class='ocr_line' id='line_1_31' title="bbox 264 3178 2579 3263; baseline 0 -23"><span class='ocrx_word' id='word_1_239' title='bbox 264 3180 637 3242; x_wconf 90' lang='lat' dir='ltr'>destructa.</span> <span class='ocrx_word' id='word_1_240' title='bbox 732 3178 907 3241; x_wconf 90' lang='lat' dir='ltr'>Item</span> <span class='ocrx_word' id='word_1_241' title='bbox 935 3180 1104 3242; x_wconf 92' lang='lat' dir='ltr'>dicit</span> <span class='ocrx_word' id='word_1_242' title='bbox 1134 3181 1316 3261; x_wconf 92' lang='lat' dir='ltr'>quod</span> <span class='ocrx_word' id='word_1_243' title='bbox 1353 3200 1478 3261; x_wconf 93' lang='lat' dir='ltr'>per</span> <span class='ocrx_word' id='word_1_244' title='bbox 1508 3180 1850 3242; x_wconf 90' lang='lat' dir='ltr'>defectum</span> <span class='ocrx_word' id='word_1_245' title='bbox 1885 3180 2135 3263; x_wconf 85' lang='lat' dir='ltr'>prieris</span> <span class='ocrx_word' id='word_1_246' title='bbox 2159 3192 2266 3242; x_wconf 90' lang='lat' dir='ltr'>est</span> <span class='ocrx_word' id='word_1_247' title='bbox 2289 3188 2309 3211; x_wconf 76' lang='lat'>²</span> <span class='ocrx_word' id='word_1_248' title='bbox 2331 3181 2579 3242; x_wconf 91' lang='lat' dir='ltr'>domus</span> 
     </span>
     <span class='ocr_line' id='line_1_32' title="bbox 265 3264 2578 3349; baseline 0 -21"><span class='ocrx_word' id='word_1_249' title='bbox 265 3264 766 3347; x_wconf 87' lang='lat' dir='ltr'>dampnificata</span> <span class='ocrx_word' id='word_1_250' title='bbox 796 3286 1013 3347; x_wconf 91' lang='lat' dir='ltr'>usque</span> <span class='ocrx_word' id='word_1_251' title='bbox 1045 3269 1135 3329; x_wconf 90' lang='lat' dir='ltr'>ad</span> <span class='ocrx_word' id='word_1_252' title='bbox 1167 3267 1262 3348; x_wconf 90' lang='lat' dir='ltr'>xij</span> <span class='ocrx_word' id='word_1_253' title='bbox 1299 3287 1591 3343; x_wconf 82' lang='lat' dir='ltr'>marcaS,</span> <span class='ocrx_word' id='word_1_254' title='bbox 1626 3279 1771 3330; x_wconf 78' lang='lat' dir='ltr'>tu‘m</span> <span class='ocrx_word' id='word_1_255' title='bbox 1829 3268 1899 3328; x_wconf 93' lang='lat' dir='ltr'>in</span> <span class='ocrx_word' id='word_1_256' title='bbox 1943 3268 2293 3349; x_wconf 87' lang='lat' dir='ltr'>expensis,</span> <span class='ocrx_word' id='word_1_257' title='bbox 2325 3278 2473 3329; x_wconf 91' lang='lat' dir='ltr'>tum</span> <span class='ocrx_word' id='word_1_258' title='bbox 2507 3266 2578 3328; x_wconf 91' lang='lat' dir='ltr'>in</span> 
     </span>
     <span class='ocr_line' id='line_1_33' title="bbox 265 3353 2579 3436; baseline 0.001 -23"><span class='ocrx_word' id='word_1_259' title='bbox 265 3373 443 3434; x_wconf 94' lang='lat' dir='ltr'>equo</span> <span class='ocrx_word' id='word_1_260' title='bbox 505 3353 690 3429; x_wconf 90' lang='lat' dir='ltr'>dat0‚</span> <span class='ocrx_word' id='word_1_261' title='bbox 734 3362 880 3414; x_wconf 92' lang='lat' dir='ltr'>tum</span> <span class='ocrx_word' id='word_1_262' title='bbox 939 3354 1008 3415; x_wconf 90' lang='lat' dir='ltr'>in</span> <span class='ocrx_word' id='word_1_263' title='bbox 1060 3354 1357 3435; x_wconf 89' lang='lat' dir='ltr'>pecunia</span> <span class='ocrx_word' id='word_1_264' title='bbox 1418 3363 1829 3429; x_wconf 83' lang='lat' dir='ltr'>numerata,³</span> <span class='ocrx_word' id='word_1_265' title='bbox 1868 3374 1994 3436; x_wconf 93' lang='lat' dir='ltr'>pro</span> <span class='ocrx_word' id='word_1_266' title='bbox 2057 3373 2139 3415; x_wconf 93' lang='lat' dir='ltr'>eo</span> <span class='ocrx_word' id='word_1_267' title='bbox 2187 3355 2376 3435; x_wconf 91' lang='lat' dir='ltr'>quod</span> <span class='ocrx_word' id='word_1_268' title='bbox 2438 3374 2579 3415; x_wconf 90' lang='lat' dir='ltr'>non</span> 
     </span>
     <span class='ocr_line' id='line_1_34' title="bbox 267 3440 2581 3523; baseline 0.001 -22"><span class='ocrx_word' id='word_1_269' title='bbox 267 3440 561 3501; x_wconf 88' lang='lat' dir='ltr'>accessit</span> <span class='ocrx_word' id='word_1_270' title='bbox 594 3440 683 3501; x_wconf 90' lang='lat' dir='ltr'>ad</span> <span class='ocrx_word' id='word_1_271' title='bbox 728 3440 1156 3503; x_wconf 89' lang='lat' dir='ltr'>comitissam</span> <span class='ocrx_word' id='word_1_272' title='bbox 1203 3440 1662 3503; x_wconf 85' lang='lat' dir='ltr'>Albemarliae</span> <span class='ocrx_word' id='word_1_273' title='bbox 1702 3461 1829 3523; x_wconf 93' lang='lat' dir='ltr'>pro</span> <span class='ocrx_word' id='word_1_274' title='bbox 1870 3440 2208 3503; x_wconf 86' lang='lat' dir='ltr'>fidelitate</span> <span class='ocrx_word' id='word_1_275' title='bbox 2261 3440 2581 3503; x_wconf 88' lang='lat' dir='ltr'>facienda</span> 
     </span>
     <span class='ocr_line' id='line_1_35' title="bbox 267 3527 2581 3609; baseline 0.001 -21"><span class='ocrx_word' id='word_1_276' title='bbox 267 3547 393 3607; x_wconf 89' lang='lat' dir='ltr'>pro</span> <span class='ocrx_word' id='word_1_277' title='bbox 437 3536 621 3588; x_wconf 92' lang='lat' dir='ltr'>terra</span> <span class='ocrx_word' id='word_1_278' title='bbox 674 3528 761 3588; x_wconf 89' lang='lat' dir='ltr'>de</span> <span class='ocrx_word' id='word_1_279' title='bbox 813 3527 1224 3590; x_wconf 86' lang='lat' dir='ltr'>Harewode.</span> <span class='ocrx_word' id='word_1_280' title='bbox 1319 3527 1494 3590; x_wconf 92' lang='lat' dir='ltr'>Item</span> <span class='ocrx_word' id='word_1_281' title='bbox 1559 3528 1729 3590; x_wconf 91' lang='lat' dir='ltr'>dicit</span> <span class='ocrx_word' id='word_1_282' title='bbox 1788 3529 1975 3609; x_wconf 91' lang='lat' dir='ltr'>quod</span> <span class='ocrx_word' id='word_1_283' title='bbox 2019 3528 2210 3608; x_wconf 93' lang='lat' dir='ltr'>prior</span> <span class='ocrx_word' id='word_1_284' title='bbox 2271 3527 2581 3609; x_wconf 89' lang='lat' dir='ltr'>precepit</span> 
     </span>
     <span class='ocr_line' id='line_1_36' title="bbox 267 3612 2577 3697; baseline 0.001 -23"><span class='ocrx_word' id='word_1_285' title='bbox 267 3614 452 3694; x_wconf 89' lang='lat' dir='ltr'>quod</span> <span class='ocrx_word' id='word_1_286' title='bbox 503 3612 818 3676; x_wconf 90' lang='lat' dir='ltr'>deferens</span> <span class='ocrx_word' id='word_1_287' title='bbox 872 3615 1142 3676; x_wconf 86' lang='lat' dir='ltr'>litteras</span> <span class='ocrx_word' id='word_1_288' title='bbox 1197 3615 1702 3697; x_wconf 90' lang='lat' dir='ltr'>archiepiscopi</span> <span class='ocrx_word' id='word_1_289' title='bbox 1752 3616 2217 3696; x_wconf 86' lang='lat' dir='ltr'>expelleretur</span> <span class='ocrx_word' id='word_1_290' title='bbox 2265 3635 2308 3676; x_wconf 91' lang='lat' dir='ltr'>a</span> <span class='ocrx_word' id='word_1_291' title='bbox 2350 3616 2577 3677; x_wconf 90' lang='lat' dir='ltr'>domo.</span> 
     </span>
     <span class='ocr_line' id='line_1_37' title="bbox 269 3699 2580 3783; baseline 0 -21"><span class='ocrx_word' id='word_1_292' title='bbox 269 3699 679 3781; x_wconf 91' lang='lat' dir='ltr'>Requisitus</span> <span class='ocrx_word' id='word_1_293' title='bbox 754 3702 1053 3782; x_wconf 87' lang='lat' dir='ltr'>qualiter</span> <span class='ocrx_word' id='word_1_294' title='bbox 1125 3703 1258 3764; x_wconf 90' lang='lat' dir='ltr'>hoc</span> <span class='ocrx_word' id='word_1_295' title='bbox 1333 3703 1484 3779; x_wconf 92' lang='lat' dir='ltr'>scit,</span> <span class='ocrx_word' id='word_1_296' title='bbox 1547 3702 1717 3765; x_wconf 91' lang='lat' dir='ltr'>dicit</span> <span class='ocrx_word' id='word_1_297' title='bbox 1778 3704 1964 3783; x_wconf 89' lang='lat' dir='ltr'>quod</span> <span class='ocrx_word' id='word_1_298' title='bbox 2012 3702 2203 3783; x_wconf 92' lang='lat' dir='ltr'>prior</span> <span class='ocrx_word' id='word_1_299' title='bbox 2250 3703 2385 3764; x_wconf 90' lang='lat' dir='ltr'>hoc</span> <span class='ocrx_word' id='word_1_300' title='bbox 2446 3701 2580 3764; x_wconf 91' lang='lat' dir='ltr'>sibi</span> 
     </span>
     <span class='ocr_line' id='line_1_38' title="bbox 266 3787 2580 3871; baseline 0.001 -23"><span class='ocrx_word' id='word_1_301' title='bbox 266 3787 526 3863; x_wconf 92' lang='lat' dir='ltr'>retulit,</span> <span class='ocrx_word' id='word_1_302' title='bbox 550 3796 619 3849; x_wconf 89' lang='lat' dir='ltr'>et</span> <span class='ocrx_word' id='word_1_303' title='bbox 651 3787 955 3868; x_wconf 91' lang='lat' dir='ltr'>injunxit</span> <span class='ocrx_word' id='word_1_304' title='bbox 979 3790 1042 3851; x_wconf 93' lang='lat' dir='ltr'>ei</span> <span class='ocrx_word' id='word_1_305' title='bbox 1069 3790 1254 3869; x_wconf 93' lang='lat' dir='ltr'>quod</span> <span class='ocrx_word' id='word_1_306' title='bbox 1286 3788 1663 3870; x_wconf 89' lang='lat' dir='ltr'>inquireret</span> <span class='ocrx_word' id='word_1_307' title='bbox 1696 3789 1853 3871; x_wconf 92' lang='lat' dir='ltr'>quis</span> <span class='ocrx_word' id='word_1_308' title='bbox 1885 3809 2043 3851; x_wconf 89' lang='lat' dir='ltr'>eum</span> <span class='ocrx_word' id='word_1_309' title='bbox 2076 3791 2167 3851; x_wconf 90' lang='lat' dir='ltr'>ad</span> <span class='ocrx_word' id='word_1_310' title='bbox 2197 3788 2580 3870; x_wconf 91' lang='lat' dir='ltr'>hospitium</span> 
     </span>
     <span class='ocr_line' id='line_1_39' title="bbox 267 3874 2580 3958; baseline 0 -23"><span class='ocrx_word' id='word_1_311' title='bbox 267 3874 660 3955; x_wconf 88' lang='lat' dir='ltr'>recepisset.</span> <span class='ocrx_word' id='word_1_312' title='bbox 783 3874 959 3937; x_wconf 92' lang='lat' dir='ltr'>Item</span> <span class='ocrx_word' id='word_1_313' title='bbox 1037 3875 1206 3938; x_wconf 93' lang='lat' dir='ltr'>dicit</span> <span class='ocrx_word' id='word_1_314' title='bbox 1279 3877 1467 3958; x_wconf 90' lang='lat' dir='ltr'>quod</span> <span class='ocrx_word' id='word_1_315' title='bbox 1540 3877 1731 3957; x_wconf 92' lang='lat' dir='ltr'>prior</span> <span class='ocrx_word' id='word_1_316' title='bbox 1805 3876 2024 3938; x_wconf 91' lang='lat' dir='ltr'>adivit</span> <span class='ocrx_word' id='word_1_317' title='bbox 2098 3875 2580 3938; x_wconf 89' lang='lat' dir='ltr'>vicecomitem</span> 
     </span>
     <span class='ocr_line' id='line_1_40' title="bbox 266 3961 2581 4043; baseline 0 -21"><span class='ocrx_word' id='word_1_318' title='bbox 266 3961 780 4023; x_wconf 91' lang='lat' dir='ltr'>Eboracensem</span> <span class='ocrx_word' id='word_1_319' title='bbox 837 3971 905 4024; x_wconf 91' lang='lat' dir='ltr'>et</span> <span class='ocrx_word' id='word_1_320' title='bbox 952 3974 1376 4025; x_wconf 86' lang='lat' dir='ltr'>escaetorem</span> <span class='ocrx_word' id='word_1_321' title='bbox 1416 3983 1499 4025; x_wconf 91' lang='lat' dir='ltr'>ac</span> <span class='ocrx_word' id='word_1_322' title='bbox 1543 3965 1741 4037; x_wconf 91' lang='lat' dir='ltr'>alios,</span> <span class='ocrx_word' id='word_1_323' title='bbox 1776 3978 1851 4025; x_wconf 92' lang='lat' dir='ltr'>ut</span> <span class='ocrx_word' id='word_1_324' title='bbox 1907 3972 2442 4043; x_wconf 89' lang='lat' dir='ltr'>conquereretur</span> <span class='ocrx_word' id='word_1_325' title='bbox 2494 3963 2581 4024; x_wconf 91' lang='lat' dir='ltr'>de</span> 
     </span>
     <span class='ocr_line' id='line_1_41' title="bbox 265 4047 2579 4131; baseline 0.001 -22"><span class='ocrx_word' id='word_1_326' title='bbox 265 4047 811 4129; x_wconf 87' lang='lat' dir='ltr'>archiepiscopo,</span> <span class='ocrx_word' id='word_1_327' title='bbox 869 4059 938 4111; x_wconf 93' lang='lat' dir='ltr'>et</span> <span class='ocrx_word' id='word_1_328' title='bbox 1021 4051 1207 4130; x_wconf 93' lang='lat' dir='ltr'>quod</span> <span class='ocrx_word' id='word_1_329' title='bbox 1276 4051 1604 4113; x_wconf 90' lang='lat' dir='ltr'>liberaret</span> <span class='ocrx_word' id='word_1_330' title='bbox 1678 4050 2054 4113; x_wconf 93' lang='lat' dir='ltr'>canonicos</span> <span class='ocrx_word' id='word_1_331' title='bbox 2128 4069 2253 4131; x_wconf 90' lang='lat' dir='ltr'>per</span> <span class='ocrx_word' id='word_1_332' title='bbox 2323 4049 2579 4112; x_wconf 86' lang='lat' dir='ltr'>laicam</span> 
     </span>
     <span class='ocr_line' id='line_1_42' title="bbox 265 4143 706 4216; baseline 0.002 -21"><span class='ocrx_word' id='word_1_333' title='bbox 265 4143 706 4216; x_wconf 89' lang='lat' dir='ltr'>potestatem.</span> 
     </span>
    </p>

    <p class='ocr_par' dir='ltr' id='par_1_5' title="bbox 266 4220 2579 4479">
     <span class='ocr_line' id='line_1_43' title="bbox 350 4220 2579 4306; baseline 0.001 -25"><span class='ocrx_word' id='word_1_334' title='bbox 350 4220 696 4283; x_wconf 90' lang='lat' dir='ltr'>Visitatus</span> <span class='ocrx_word' id='word_1_335' title='bbox 728 4232 797 4284; x_wconf 93' lang='lat' dir='ltr'>et</span> <span class='ocrx_word' id='word_1_336' title='bbox 828 4223 1271 4286; x_wconf 89' lang='lat' dir='ltr'>examinatus</span> <span class='ocrx_word' id='word_1_337' title='bbox 1304 4223 1474 4286; x_wconf 91' lang='lat' dir='ltr'>dicit</span> <span class='ocrx_word' id='word_1_338' title='bbox 1522 4226 1708 4306; x_wconf 92' lang='lat' dir='ltr'>quod</span> <span class='ocrx_word' id='word_1_339' title='bbox 1759 4222 2245 4286; x_wconf 90' lang='lat' dir='ltr'>obedientiarii</span> <span class='ocrx_word' id='word_1_340' title='bbox 2288 4222 2579 4284; x_wconf 89' lang='lat' dir='ltr'>nimium</span> 
     </span>
     <span class='ocr_line' id='line_1_44' title="bbox 266 4309 2579 4391; baseline 0.001 -22"><span class='ocrx_word' id='word_1_341' title='bbox 266 4316 624 4370; x_wconf 89' lang='lat' dir='ltr'>morantur</span> <span class='ocrx_word' id='word_1_342' title='bbox 680 4310 1059 4391; x_wconf 92' lang='lat' dir='ltr'>aliquando</span> <span class='ocrx_word' id='word_1_343' title='bbox 1100 4312 1170 4372; x_wconf 92' lang='lat' dir='ltr'>in</span> <span class='ocrx_word' id='word_1_344' title='bbox 1215 4311 1360 4373; x_wconf 92' lang='lat' dir='ltr'>suis</span> <span class='ocrx_word' id='word_1_345' title='bbox 1415 4309 1683 4386; x_wconf 87' lang='lat' dir='ltr'>officiis,</span> <span class='ocrx_word' id='word_1_346' title='bbox 1725 4322 1795 4373; x_wconf 90' lang='lat' dir='ltr'>et</span> <span class='ocrx_word' id='word_1_347' title='bbox 1836 4310 2126 4372; x_wconf 90' lang='lat' dir='ltr'>nimium</span> <span class='ocrx_word' id='word_1_348' title='bbox 2171 4319 2579 4390; x_wconf 88' lang='lat' dir='ltr'>evagantur,</span> 
     </span>
     <span class='ocr_line' id='line_1_45' title="bbox 267 4395 1713 4479; baseline 0.003 -22"><span class='ocrx_word' id='word_1_349' title='bbox 267 4395 363 4457; x_wconf 89' lang='lat' dir='ltr'>ita</span> <span class='ocrx_word' id='word_1_350' title='bbox 395 4396 579 4476; x_wconf 91' lang='lat' dir='ltr'>quod</span> <span class='ocrx_word' id='word_1_351' title='bbox 612 4396 924 4458; x_wconf 90' lang='lat' dir='ltr'>divinum</span> <span class='ocrx_word' id='word_1_352' title='bbox 956 4396 1256 4460; x_wconf 87' lang='lat' dir='ltr'>officium</span> <span class='ocrx_word' id='word_1_353' title='bbox 1289 4398 1713 4479; x_wconf 89' lang='lat' dir='ltr'>prepeditur.</span> 
     </span>
    </p>
   </div>
   <div class='ocr_carea' id='block_1_3' title="bbox 463 4509 2384 4562">
    <p class='ocr_par' dir='ltr' id='par_1_6' title="bbox 463 4509 2384 4562">
     <span class='ocr_line' id='line_1_46' title="bbox 463 4509 2384 4562; baseline -0.001 -3"><span class='ocrx_word' id='word_1_354' title='bbox 463 4519 475 4542; x_wconf 92' lang='lat'>¹</span> <span class='ocrx_word' id='word_1_355' title='bbox 502 4510 698 4559; x_wconf 84' lang='lat' dir='ltr'>Dotted</span> <span class='ocrx_word' id='word_1_356' title='bbox 722 4511 793 4558; x_wconf 83' lang='lat' dir='ltr'>for</span> <span class='ocrx_word' id='word_1_357' title='bbox 817 4511 1053 4561; x_wconf 80' lang='lat' dir='ltr'>deletion.</span> <span class='ocrx_word' id='word_1_358' title='bbox 1476 4523 1496 4545; x_wconf 78' lang='lat'>2</span> <span class='ocrx_word' id='word_1_359' title='bbox 1517 4512 1623 4562; x_wconf 82' lang='lat' dir='ltr'>Ex.</span> <span class='ocrx_word' id='word_1_360' title='bbox 2046 4521 2064 4552; x_wconf 83' lang='lat'>³</span> <span class='ocrx_word' id='word_1_361' title='bbox 2085 4509 2384 4560; x_wconf 76' lang='lat' dir='ltr'>Numerata.</span> 
     </span>
    </p>
   </div>
  </div>
 </body>
</html>
