3187 5105
197 1001 409 1043 Cardinal

198 1051 450 1093 ottobonus

199 1110 245 1143 to
263 1102 354 1147 W..
374 1104 489 1144 elect

198 1153 244 1193 ol
258 1152 396 1201 York,

197 1202 404 1254 ordering

197 1253 285 1294 him
305 1258 351 1294 to
371 1258 458 1294 test

195 1303 272 1344 the
294 1305 425 1345 claim
442 1303 500 1355 by

196 1354 248 1393 Τ.
268 1353 324 1395 de

199 1404 400 1456 Berneby
411 1404 498 1446 and

197 1454 263 1494 his
281 1454 473 1504 brother,

194 1504 328 1556 John,

194 1556 372 1605 against
390 1556 464 1597 the

195 1612 426 1647 executors
443 1606 494 1647 of

195 1656 346 1697 archb.
373 1657 498 1698 God-

197 1705 290 1757 frey
306 1707 380 1755 (de

195 1756 416 1805 Ludham)
433 1756 502 1798 for

196 1820 353 1857 money
369 1808 456 1849 due

195 1856 306 1898 from
327 1857 402 1899 the

195 1907 347 1949 archb.

537 495 647 554 172
741 488 892 536 THE
922 487 1299 536 REGISTER
1323 488 1418 537 OF
1448 486 1936 537 ARCHBISHOP
1966 488 2292 536 WALTER
2324 487 2678 539 GIFFARD.

524 668 649 731 per
711 668 917 731 quem
981 648 1338 730 negotium
1404 648 1634 730 ipsum
1696 646 2042 711 efficacius
2102 648 2356 729 poterit
2425 646 2839 712 confirmari.

528 734 784 798 Scituri
839 735 1025 817 quod
1087 738 1272 799 dom.
1331 735 1547 817 Papae
1609 745 1679 798 et
1741 755 2021 797 suorum
2069 735 2355 817 negotia
2416 736 2620 798 nobis
2681 745 2845 798 sunt

525 822 715 885 cordi
748 822 925 885 adeo
956 822 1165 905 quod,
1207 823 1361 904 ipsa
1402 823 1858 904 proponimus
1899 821 2068 885 totis
2110 822 2435 906 prosequi
2478 822 2742 885 viribus
2772 832 2842 886 et

527 919 759 972 mente
789 911 1026 973 valida
1057 928 1487 992 promovere.
1579 909 1917 972 ValeatiS.

612 996 1173 1061 DCXXXVIII.
1267 1001 1304 1059 8
1350 996 1491 1059 kal.
1549 996 1810 1073 Martii,
1844 1016 1880 1074 3
1935 994 2252 1059 Clement
2309 996 2422 1073 iu,
2478 997 2677 1078 (Feb.
2739 1016 2839 1074 22,

536 1084 820 1168 1266-7).
911 1083 1127 1165 Apud
1161 1083 1234 1147 S.
1272 1083 1785 1147 Eadmundum.
1880 1081 2297 1159 Ottobonus,
2350 1095 2503 1158 etc„
2557 1104 2713 1146 ven.
2769 1084 2840 1146 in

528 1170 757 1235 Cristo
806 1173 1011 1253 patri,
1073 1172 1295 1233 electo
1371 1171 1606 1249 Ebor.,
1670 1172 1964 1233 salutem
2043 1171 2111 1232 in
2189 1171 2437 1233 salutis
2511 1169 2839 1233 Auctore.

526 1258 784 1321 Petitio
816 1258 1135 1341 magistri
1181 1257 1260 1320 T.
1295 1259 1383 1321 de
1416 1257 1761 1341 Berneby,
1811 1259 1995 1319 dom.
2042 1258 2257 1339 Papae
2307 1257 2738 1334 subdiaconi,
2772 1269 2841 1320 et

525 1344 868 1425 Johannis
900 1345 1129 1408 fratris
1161 1345 1331 1426 ejuS,
1365 1345 1548 1421 laici,
1591 1345 1794 1407 nobis
1830 1344 2165 1418 exhibita,
2200 1345 2601 1407 continebat
2632 1344 2839 1426 quod,

525 1452 682 1495 cum
731 1452 858 1494 nos
911 1432 1242 1514 religioso
1288 1432 1458 1509 vir0,
1506 1431 1720 1513 priori
1771 1430 1844 1494 S.
1887 1431 2252 1493 Trinitatis
2300 1431 2636 1508 London.,
2675 1432 2839 1495 olim

527 1519 783 1582 nostris
815 1520 1209 1581 dederimus
1239 1519 1490 1582 litteris
1533 1519 1604 1580 in
1652 1518 2024 1595 mandatis,
2058 1529 2136 1580 ut
2181 1527 2586 1581 executores
2627 1527 2840 1582 testa-

528 1606 743 1669 menti
797 1607 1001 1668 bonae
1055 1607 1409 1669 memoriae
1458 1605 1565 1680 G„
1622 1605 1833 1668 Ebor.
1890 1605 2419 1687 archiepiscopi,
2471 1604 2842 1668 efficaciter

527 1713 805 1756 movere
838 1713 918 1756 ac
952 1694 1279 1756 inducere
1309 1704 1711 1775 procuraret
1741 1701 1818 1755 ut
1865 1692 2144 1755 sublata
2179 1693 2549 1774 cujuslibet
2578 1690 2842 1755 fraudis

527 1781 796 1843 astucia
827 1780 1304 1857 creditoribuS,
1338 1779 1719 1863 legatoriis,
1743 1788 1812 1841 et
1831 1777 2292 1841 familiaribus
2324 1779 2544 1860 ipsius
2576 1781 2841 1843 archie-

525 1868 796 1950 piscopi
815 1869 902 1930 de
923 1868 1341 1950 quibusdam
1363 1866 1814 1949 pecuniarum
1842 1866 2152 1940 summiS,
2168 1887 2344 1949 quas
2366 1867 2550 1928 idem
2573 1867 2838 1929 archie-

525 1955 874 2037 piscopuS,
897 1956 984 2017 de
1007 1975 1081 2017 se
1100 1955 1370 2017 ratione
1395 1974 1714 2035 personae
1744 1974 1888 2016 suae
1915 1963 2334 2035 spectanteS,
2362 1953 2839 2029 creditoribuS,

525 2042 886 2125 legatoriis
930 2051 1001 2104 et
1052 2039 1511 2104 familiaribus
1560 2040 1892 2122 predictis
1946 2060 2072 2121 per
2115 2059 2364 2102 manus
2395 2051 2840 2104 executorum

526 2128 833 2210 ipsorum
868 2128 1182 2191 exhiberi
1217 2129 1694 2206 mandaverat,
1716 2126 1895 2190 infra
1925 2137 2434 2209 competentem
2467 2127 2841 2191 terminum

527 2217 618 2278 ab
678 2216 921 2279 eodem
983 2216 1213 2297 priore
1274 2214 1781 2298 prefigendum,
1844 2214 2106 2277 eisdem
2188 2213 2688 2291 satisfacerent,
2766 2225 2841 2278 ut

527 2304 876 2366 debebant
904 2328 918 2377 ;
953 2302 1264 2386 alioquin
1288 2312 1785 2365 testamentum
1812 2300 2175 2384 prefatum,
2200 2322 2321 2364 seu
2345 2303 2840 2384 transcriptum

527 2391 771 2472 ipsiuS,
804 2409 885 2452 ac
917 2390 1382 2454 inventarium
1415 2389 1675 2452 factum
1727 2408 1935 2470 super
1982 2389 2186 2452 bonis
2240 2390 2641 2451 testamenti
2686 2410 2839 2471 pre-

528 2477 694 2540 dicti
727 2479 857 2540 sub
887 2477 1111 2541 tribus
1153 2477 1410 2560 sigillis
1458 2476 1829 2540 autenticis
1868 2476 2001 2538 sibi
2056 2475 2312 2539 faceret
2365 2476 2701 2551 exhiberi,
2749 2476 2839 2539 ad

527 2576 836 2629 nostram
893 2564 1065 2628 illud
1136 2566 1575 2648 quamtocius
1636 2564 2059 2647 presentiam
2111 2565 2690 2638 transmissurus3
2760 2585 2843 2627 ac

528 2653 711 2715 idem
773 2651 962 2735 prior
1020 2652 1456 2715 Willelmum
1526 2653 1891 2730 decanum,
1955 2651 2368 2733 magistrum
2427 2651 2839 2726 Robertum,

526 2740 1090 2803 archidiaconum
1126 2739 1511 2821 Estriding.
1546 2739 1620 2802 in
1652 2738 1949 2802 ecclesia
1981 2738 2216 2814 Ebot„
2242 2749 2312 2801 et
2333 2738 2729 2818 Johannem
2755 2740 2840 2802 de

528 2826 876 2905 Steinton,
908 2828 1184 2904 laicum,
1221 2826 1429 2891 Ebor.
1457 2826 1658 2904 dioc„
1685 2834 2090 2888 executores
2113 2826 2515 2889 testamenti
2547 2826 2840 2908 predicti

528 2913 1054 2996 archiepiscopi,
1132 2923 1208 2976 ut
1283 2913 1554 2989 dicitur,
1620 2912 1884 2975 moneri
1979 2910 2218 2975 fecerit
2292 2913 2689 2996 diligenter,
2768 2923 2842 2976 ut

528 3002 928 3064 memoratis
982 3000 1413 3064 subdiacono
1468 3009 1536 3063 et
1590 2998 1896 3079 Johanni
1947 2997 2144 3062 fratri
2197 3000 2347 3081 ejus
2396 3001 2482 3062 de
2536 3001 2839 3083 quadam

525 3088 840 3170 pecuniae
873 3107 1146 3151 summa
1194 3087 1296 3150 eis
1350 3088 1440 3150 ab
1490 3087 1735 3149 eodem
1782 3086 2309 3168 archiepiscopo
2364 3087 2529 3150 dum
2579 3087 2841 3150 viveret

526 3175 783 3251 debita,
835 3184 905 3237 et
957 3177 1044 3238 de
1104 3194 1244 3257 qua
1304 3174 1406 3238 eis
1460 3193 1585 3255 per
1645 3193 1895 3236 manus
1955 3173 2331 3237 eorundem
2393 3186 2839 3238 executorum

526 3261 848 3325 satisfieri
902 3270 1330 3344 preceperat,
1398 3259 1881 3324 satisfacerent
1931 3270 2426 3342 competenter,
2483 3272 2604 3324 aut
2653 3272 2840 3325 certo

525 3349 637 3411 die
713 3358 1194 3431 comparerent
1290 3368 1523 3411 coram
1620 3368 1705 3411 eo
1797 3356 2295 3411 testamentum
2388 3348 2638 3430 ipsum,
2715 3370 2840 3412 -seu

523 3436 1020 3517 transcriptum
1053 3435 1454 3498 testamenti
1484 3434 1804 3517 predicti,
1827 3444 1952 3497 aut
1976 3433 2364 3498 confectum
2398 3455 2607 3517 super
2635 3437 2841 3499 bonis

525 3525 691 3587 dicti
724 3522 1230 3604 archiepiscopi
1263 3523 1731 3585 inventarium
1765 3521 2111 3585 ostensuri
2140 3547 2155 3595 ;
2204 3523 2488 3585 tandem
2513 3523 2840 3601 decanuS,

524 3610 1056 3675 archidiaconus
1102 3619 1171 3672 et
1212 3610 1434 3672 laicus
1480 3609 1885 3691 supradicti,
1947 3608 2155 3672 certis
2217 3608 2530 3673 confictis
2590 3628 2841 3692 grava-

525 3698 830 3762 minibus
855 3699 946 3760 ab
971 3696 1215 3760 eodem
1240 3697 1471 3779 priore
1494 3696 1791 3760 diversis
1814 3696 2270 3778 temporibuS,
2293 3697 2384 3759 ad
2409 3696 2838 3760 audientiam

527 3795 836 3848 nostram
870 3785 1352 3866 appellarunt3
1402 3803 1695 3866 quorum
1750 3783 2343 3865 appellationibus
2376 3785 2603 3846 dictus
2653 3785 2843 3866 prior

527 3872 774 3936 detulit
805 3881 1217 3947 reverenter,
1253 3882 1322 3934 et
1347 3872 1435 3933 ad
1469 3871 2030 3954 prosequendum
2057 3871 2570 3952 appellationes
2601 3872 2841 3953 hujus·

526 3959 716 4023 modi
748 3969 1010 4023 certum
1043 3958 1361 4041 partibus
1382 3957 1756 4020 terminum
1782 3957 2193 4039 assignavit.
2230 3956 2355 4020 Set
2379 3959 2840 4040 appellante5‚

524 4047 687 4111 licet
744 4046 997 4129 aliquis
1029 4065 1290 4122 eorum,
1344 4064 1469 4127 per
1517 4054 2036 4126 procuratorem
2089 4045 2462 4126 specialem
2498 4046 2589 4107 ad
2622 4046 2841 4127 impe-

523 4134 850 4198 trandum
912 4141 982 4196 et
1042 4132 1680 4206 contradicendum,
1744 4133 2152 4194 mandatum
2206 4132 2584 4195 habentem
2652 4153 2842 4198 com·
2906 4141 2909 4144 ’

525 4242 768 4304 parere
798 4220 1163 4298 curaverit,
1199 4240 1338 4283 non
1391 4229 1551 4282 sunt
1602 4229 1838 4282 tamen
1891 4218 2404 4301 appellationes
2459 4240 2623 4283 suas
2665 4220 2844 4284 infra

525 4319 802 4392 tempus
855 4307 1270 4391 legitimum,
1303 4327 1460 4369 cum
1514 4305 1891 4389 potuerint,
1926 4306 2297 4388 prosecuti.
2392 4304 2625 4388 Quare
2679 4310 2842 4372 sub·

525 4397 861 4460 diaconus
892 4406 962 4458 et
980 4394 1192 4458 frater
1221 4394 1371 4476 ejus
1401 4393 1695 4476 predicti
1718 4392 2076 4458 humiliter
2098 4394 2540 4475 postularunt
2563 4414 2606 4457 a
2639 4396 2840 4459 nobis

524 4494 598 4547 ut
645 4483 1105 4565 principalem
1162 4501 1467 4554 causam,
1524 4501 1681 4543 cum
1724 4479 2049 4545 omnibus
2103 4481 2253 4561 ejus
2307 4482 2712 4544 accessoriis
2772 4493 2843 4545 et
