<?xml version="1.0" encoding="UTF-8"?>
<!DOCTYPE html PUBLIC "-//W3C//DTD XHTML 1.0 Transitional//EN"
    "http://www.w3.org/TR/xhtml1/DTD/xhtml1-transitional.dtd">
<html xmlns="http://www.w3.org/1999/xhtml" xml:lang="en" lang="en">
 <head>
  <title>
</title>
<meta http-equiv="Content-Type" content="text/html;charset=utf-8" />
  <meta name='ocr-system' content='tesseract 3.04.00' />
  <meta name='ocr-capabilities' content='ocr_page ocr_carea ocr_par ocr_line ocrx_word'/>
</head>
<body>
  <div class='ocr_page' id='page_1' title='image "./registerwalterg00browgoog_0082.png"; bbox 0 0 3187 5105; ppageno 0'>
   <div class='ocr_carea' id='block_1_1' title="bbox 513 529 2652 597">
    <p class='ocr_par' dir='ltr' id='par_1_1' title="bbox 513 529 2652 597">
     <span class='ocr_line' id='line_1_1' title="bbox 513 529 2652 597; baseline 0.001 -18"><span class='ocrx_word' id='word_1_1' title='bbox 513 530 664 579; x_wconf 79' lang='lat' dir='ltr'><strong>THE</strong></span> <span class='ocrx_word' id='word_1_2' title='bbox 695 529 1069 580; x_wconf 82' lang='lat' dir='ltr'>REGISTER</span> <span class='ocrx_word' id='word_1_3' title='bbox 1098 530 1193 579; x_wconf 85' lang='lat' dir='ltr'><strong>OF</strong></span> <span class='ocrx_word' id='word_1_4' title='bbox 1223 529 1712 580; x_wconf 84' lang='lat' dir='ltr'>ARCHBISHOP</span> <span class='ocrx_word' id='word_1_5' title='bbox 1741 531 2069 580; x_wconf 80' lang='lat' dir='ltr'>WALTER</span> <span class='ocrx_word' id='word_1_6' title='bbox 2102 530 2453 580; x_wconf 85' lang='lat' dir='ltr'>GIFFARD.</span> <span class='ocrx_word' id='word_1_7' title='bbox 2578 537 2652 597; x_wconf 81' lang='lat'><strong>5¹</strong></span> 
     </span>
    </p>
   </div>
   <div class='ocr_carea' id='block_1_2' title="bbox 328 689 2879 4523">
    <p class='ocr_par' dir='ltr' id='par_1_2' title="bbox 329 689 2659 2170">
     <span class='ocr_line' id='line_1_2' title="bbox 338 689 2659 773; baseline 0.001 -20"><span class='ocrx_word' id='word_1_8' title='bbox 338 691 425 754; x_wconf 93' lang='lat' dir='ltr'><strong>de</strong></span> <span class='ocrx_word' id='word_1_9' title='bbox 476 690 862 769; x_wconf 87' lang='lat' dir='ltr'><strong>Brunnum,</strong></span> <span class='ocrx_word' id='word_1_10' title='bbox 917 701 987 755; x_wconf 93' lang='lat' dir='ltr'><strong>et</strong></span> <span class='ocrx_word' id='word_1_11' title='bbox 1046 692 1133 755; x_wconf 94' lang='lat' dir='ltr'><strong>de</strong></span> <span class='ocrx_word' id='word_1_12' title='bbox 1166 689 1514 773; x_wconf 80' lang='lat' dir='ltr'><strong>Queldric’</strong></span> <span class='ocrx_word' id='word_1_13' title='bbox 1568 692 1923 770; x_wconf 81' lang='lat' dir='ltr'><strong>ecclesiaS,</strong></span> <span class='ocrx_word' id='word_1_14' title='bbox 1983 692 2193 756; x_wconf 91' lang='lat' dir='ltr'><strong>Ebor.</strong></span> <span class='ocrx_word' id='word_1_15' title='bbox 2246 693 2446 770; x_wconf 68' lang='lat' dir='ltr'><strong>dioc„</strong></span> <span class='ocrx_word' id='word_1_16' title='bbox 2501 713 2659 755; x_wconf 91' lang='lat' dir='ltr'><strong>cum</strong></span> 
     </span>
     <span class='ocr_line' id='line_1_3' title="bbox 337 779 2659 863; baseline 0.001 -23"><span class='ocrx_word' id='word_1_17' title='bbox 337 779 629 860; x_wconf 91' lang='lat' dir='ltr'><strong>capellis</strong></span> <span class='ocrx_word' id='word_1_18' title='bbox 660 789 729 841; x_wconf 90' lang='lat' dir='ltr'><strong>et</strong></span> <span class='ocrx_word' id='word_1_19' title='bbox 743 779 1015 861; x_wconf 88' lang='lat' dir='ltr'><strong>juribus</strong></span> <span class='ocrx_word' id='word_1_20' title='bbox 1040 799 1122 842; x_wconf 87' lang='lat' dir='ltr'><strong>ac</strong></span> <span class='ocrx_word' id='word_1_21' title='bbox 1141 788 1314 862; x_wconf 88' lang='lat' dir='ltr'><strong>pert.</strong></span> <span class='ocrx_word' id='word_1_22' title='bbox 1342 780 1707 855; x_wconf 80' lang='lat' dir='ltr'><strong>universiS,</strong></span> <span class='ocrx_word' id='word_1_23' title='bbox 1732 799 2002 842; x_wconf 85' lang='lat' dir='ltr'><strong>necnon</strong></span> <span class='ocrx_word' id='word_1_24' title='bbox 2024 791 2094 843; x_wconf 92' lang='lat' dir='ltr'><strong>et</strong></span> <span class='ocrx_word' id='word_1_25' title='bbox 2113 781 2228 863; x_wconf 88' lang='lat' dir='ltr'><strong>jus</strong></span> <span class='ocrx_word' id='word_1_26' title='bbox 2249 789 2659 861; x_wconf 88' lang='lat' dir='ltr'><strong>patronatus</strong></span> 
     </span>
     <span class='ocr_line' id='line_1_4' title="bbox 339 866 2657 949; baseline 0 -21"><span class='ocrx_word' id='word_1_27' title='bbox 339 866 525 948; x_wconf 91' lang='lat' dir='ltr'><strong>quod</strong></span> <span class='ocrx_word' id='word_1_28' title='bbox 575 866 645 929; x_wconf 93' lang='lat' dir='ltr'><strong>in</strong></span> <span class='ocrx_word' id='word_1_29' title='bbox 697 866 958 929; x_wconf 90' lang='lat' dir='ltr'><strong>eisdem</strong></span> <span class='ocrx_word' id='word_1_30' title='bbox 1012 866 1325 930; x_wconf 90' lang='lat' dir='ltr'><strong>ecclesiis</strong></span> <span class='ocrx_word' id='word_1_31' title='bbox 1374 868 1690 949; x_wconf 85' lang='lat' dir='ltr'><strong>optinere</strong></span> <span class='ocrx_word' id='word_1_32' title='bbox 1744 867 2191 943; x_wconf 85' lang='lat' dir='ltr'><strong>dinoscimur,</strong></span> <span class='ocrx_word' id='word_1_33' title='bbox 2235 867 2657 930; x_wconf 91' lang='lat' dir='ltr'><strong>ordinationi</strong></span> 
     </span>
     <span class='ocr_line' id='line_1_5' title="bbox 334 952 2655 1039; baseline 0.001 -25"><span class='ocrx_word' id='word_1_34' title='bbox 334 953 694 1016; x_wconf 91' lang='lat' dir='ltr'><strong>reverendi</strong></span> <span class='ocrx_word' id='word_1_35' title='bbox 745 953 815 1015; x_wconf 93' lang='lat' dir='ltr'><strong>in</strong></span> <span class='ocrx_word' id='word_1_36' title='bbox 868 952 1095 1016; x_wconf 88' lang='lat' dir='ltr'><strong>Cristo</strong></span> <span class='ocrx_word' id='word_1_37' title='bbox 1144 954 1363 1035; x_wconf 90' lang='lat' dir='ltr'><strong>patris</strong></span> <span class='ocrx_word' id='word_1_38' title='bbox 1413 974 1494 1016; x_wconf 91' lang='lat' dir='ltr'><strong>ac</strong></span> <span class='ocrx_word' id='word_1_39' title='bbox 1526 953 1814 1031; x_wconf 90' lang='lat' dir='ltr'><strong>domini,</strong></span> <span class='ocrx_word' id='word_1_40' title='bbox 1848 953 1986 1032; x_wconf 72' lang='lat' dir='ltr'><strong>W„</strong></span> <span class='ocrx_word' id='word_1_41' title='bbox 2021 954 2155 1017; x_wconf 91' lang='lat' dir='ltr'><strong>Dei</strong></span> <span class='ocrx_word' id='word_1_42' title='bbox 2189 956 2419 1036; x_wconf 89' lang='lat' dir='ltr'><strong>gratia</strong></span> <span class='ocrx_word' id='word_1_43' title='bbox 2453 953 2655 1039; x_wconf 90' lang='lat' dir='ltr'><strong>(etc.),</strong></span> 
     </span>
     <span class='ocr_line' id='line_1_6' title="bbox 335 1040 2655 1123; baseline 0 -21"><span class='ocrx_word' id='word_1_44' title='bbox 335 1059 528 1122; x_wconf 91' lang='lat' dir='ltr'><strong>pure,</strong></span> <span class='ocrx_word' id='word_1_45' title='bbox 580 1040 989 1122; x_wconf 89' lang='lat' dir='ltr'><strong>simpliciter</strong></span> <span class='ocrx_word' id='word_1_46' title='bbox 1040 1050 1109 1103; x_wconf 90' lang='lat' dir='ltr'><strong>et</strong></span> <span class='ocrx_word' id='word_1_47' title='bbox 1157 1041 1475 1103; x_wconf 92' lang='lat' dir='ltr'><strong>absolute</strong></span> <span class='ocrx_word' id='word_1_48' title='bbox 1525 1042 1984 1123; x_wconf 86' lang='lat' dir='ltr'><strong>supponimus</strong></span> <span class='ocrx_word' id='word_1_49' title='bbox 2037 1053 2106 1104; x_wconf 92' lang='lat' dir='ltr'><strong>et</strong></span> <span class='ocrx_word' id='word_1_50' title='bbox 2161 1041 2655 1117; x_wconf 75' lang='lat' dir='ltr'><strong>submittimu3‚</strong></span> 
     </span>
     <span class='ocr_line' id='line_1_7' title="bbox 336 1127 2654 1210; baseline 0 -21"><span class='ocrx_word' id='word_1_51' title='bbox 336 1127 437 1189; x_wconf 87' lang='lat' dir='ltr'><strong>ita</strong></span> <span class='ocrx_word' id='word_1_52' title='bbox 487 1128 674 1210; x_wconf 91' lang='lat' dir='ltr'><strong>quod</strong></span> <span class='ocrx_word' id='word_1_53' title='bbox 723 1128 930 1190; x_wconf 91' lang='lat' dir='ltr'><strong>liceat</strong></span> <span class='ocrx_word' id='word_1_54' title='bbox 984 1127 1209 1190; x_wconf 91' lang='lat' dir='ltr'><strong>eidem</strong></span> <span class='ocrx_word' id='word_1_55' title='bbox 1260 1128 1545 1191; x_wconf 92' lang='lat' dir='ltr'><strong>domino</strong></span> <span class='ocrx_word' id='word_1_56' title='bbox 1599 1129 1686 1190; x_wconf 90' lang='lat' dir='ltr'><strong>de</strong></span> <span class='ocrx_word' id='word_1_57' title='bbox 1739 1128 2053 1190; x_wconf 73' lang='lat' dir='ltr'><strong>ecclesiis</strong></span> <span class='ocrx_word' id='word_1_58' title='bbox 2100 1128 2295 1210; x_wconf 82' lang='lat' dir='ltr'><strong>ipsiS,</strong></span> <span class='ocrx_word' id='word_1_59' title='bbox 2343 1129 2654 1209; x_wconf 91' lang='lat' dir='ltr'><strong>capellis,</strong></span> 
     </span>
     <span class='ocr_line' id='line_1_8' title="bbox 329 1214 2656 1298; baseline 0.001 -22"><span class='ocrx_word' id='word_1_60' title='bbox 329 1214 603 1295; x_wconf 89' lang='lat' dir='ltr'><strong>juribus</strong></span> <span class='ocrx_word' id='word_1_61' title='bbox 652 1224 720 1277; x_wconf 89' lang='lat' dir='ltr'><strong>et</strong></span> <span class='ocrx_word' id='word_1_62' title='bbox 766 1224 963 1296; x_wconf 69' lang='lat' dir='ltr'><strong>pert„</strong></span> <span class='ocrx_word' id='word_1_63' title='bbox 997 1235 1267 1278; x_wconf 89' lang='lat' dir='ltr'><strong>necnon</strong></span> <span class='ocrx_word' id='word_1_64' title='bbox 1322 1226 1391 1278; x_wconf 91' lang='lat' dir='ltr'><strong>et</strong></span> <span class='ocrx_word' id='word_1_65' title='bbox 1440 1216 1527 1278; x_wconf 90' lang='lat' dir='ltr'><strong>de</strong></span> <span class='ocrx_word' id='word_1_66' title='bbox 1578 1224 1951 1298; x_wconf 83' lang='lat' dir='ltr'><strong>patronatu</strong></span> <span class='ocrx_word' id='word_1_67' title='bbox 1985 1216 2383 1278; x_wconf 89' lang='lat' dir='ltr'><strong>earumdem</strong></span> <span class='ocrx_word' id='word_1_68' title='bbox 2440 1216 2656 1278; x_wconf 90' lang='lat' dir='ltr'><strong>libere</strong></span> 
     </span>
     <span class='ocr_line' id='line_1_9' title="bbox 333 1301 2657 1384; baseline 0.001 -21"><span class='ocrx_word' id='word_1_69' title='bbox 333 1301 677 1377; x_wconf 88' lang='lat' dir='ltr'><strong>ordinare,</strong></span> <span class='ocrx_word' id='word_1_70' title='bbox 741 1312 1043 1365; x_wconf 84' lang='lat' dir='ltr'><strong>statuere</strong></span> <span class='ocrx_word' id='word_1_71' title='bbox 1102 1313 1172 1365; x_wconf 91' lang='lat' dir='ltr'><strong>et</strong></span> <span class='ocrx_word' id='word_1_72' title='bbox 1230 1302 1595 1384; x_wconf 89' lang='lat' dir='ltr'><strong>providere</strong></span> <span class='ocrx_word' id='word_1_73' title='bbox 1668 1322 1793 1384; x_wconf 89' lang='lat' dir='ltr'><strong>per</strong></span> <span class='ocrx_word' id='word_1_74' title='bbox 1865 1302 2102 1364; x_wconf 91' lang='lat' dir='ltr'><strong>omnia</strong></span> <span class='ocrx_word' id='word_1_75' title='bbox 2176 1302 2354 1365; x_wconf 89' lang='lat' dir='ltr'><strong>sicut</strong></span> <span class='ocrx_word' id='word_1_76' title='bbox 2405 1302 2657 1366; x_wconf 91' lang='lat' dir='ltr'><strong>viderit</strong></span> 
     </span>
     <span class='ocr_line' id='line_1_10' title="bbox 336 1388 2653 1470; baseline 0 -19"><span class='ocrx_word' id='word_1_77' title='bbox 336 1388 687 1469; x_wconf 85' lang='lat' dir='ltr'><strong>expedire.</strong></span> <span class='ocrx_word' id='word_1_78' title='bbox 781 1388 996 1470; x_wconf 89' lang='lat' dir='ltr'><strong>Cujus</strong></span> <span class='ocrx_word' id='word_1_79' title='bbox 1026 1388 1558 1466; x_wconf 87' lang='lat' dir='ltr'><strong>ordinationem,</strong></span> <span class='ocrx_word' id='word_1_80' title='bbox 1593 1398 1931 1452; x_wconf 89' lang='lat' dir='ltr'><strong>statutum</strong></span> <span class='ocrx_word' id='word_1_81' title='bbox 1964 1388 2112 1451; x_wconf 87' lang='lat' dir='ltr'><strong>sive</strong></span> <span class='ocrx_word' id='word_1_82' title='bbox 2142 1389 2653 1470; x_wconf 89' lang='lat' dir='ltr'><strong>providentiam</strong></span> 
     </span>
     <span class='ocr_line' id='line_1_11' title="bbox 335 1476 2654 1559; baseline 0 -22"><span class='ocrx_word' id='word_1_83' title='bbox 335 1494 463 1557; x_wconf 90' lang='lat' dir='ltr'><strong>per</strong></span> <span class='ocrx_word' id='word_1_84' title='bbox 502 1476 737 1538; x_wconf 92' lang='lat' dir='ltr'><strong>omnia</strong></span> <span class='ocrx_word' id='word_1_85' title='bbox 776 1487 930 1539; x_wconf 91' lang='lat' dir='ltr'><strong>rata</strong></span> <span class='ocrx_word' id='word_1_86' title='bbox 969 1477 1228 1539; x_wconf 88' lang='lat' dir='ltr'><strong>habere</strong></span> <span class='ocrx_word' id='word_1_87' title='bbox 1257 1477 1728 1559; x_wconf 90' lang='lat' dir='ltr'><strong>promittimus</strong></span> <span class='ocrx_word' id='word_1_88' title='bbox 1760 1487 1829 1539; x_wconf 91' lang='lat' dir='ltr'><strong>et</strong></span> <span class='ocrx_word' id='word_1_89' title='bbox 1861 1486 2169 1558; x_wconf 89' lang='lat' dir='ltr'><strong>accepta,</strong></span> <span class='ocrx_word' id='word_1_90' title='bbox 2204 1476 2419 1538; x_wconf 91' lang='lat' dir='ltr'><strong>salvis</strong></span> <span class='ocrx_word' id='word_1_91' title='bbox 2451 1476 2654 1538; x_wconf 89' lang='lat' dir='ltr'><strong>nobis</strong></span> 
     </span>
     <span class='ocr_line' id='line_1_12' title="bbox 336 1562 2654 1646; baseline 0.001 -22"><span class='ocrx_word' id='word_1_92' title='bbox 336 1562 609 1625; x_wconf 91' lang='lat' dir='ltr'><strong>duabus</strong></span> <span class='ocrx_word' id='word_1_93' title='bbox 659 1564 932 1626; x_wconf 85' lang='lat' dir='ltr'><strong>bovatis</strong></span> <span class='ocrx_word' id='word_1_94' title='bbox 979 1572 1181 1626; x_wconf 84' lang='lat' dir='ltr'><strong>terrae</strong></span> <span class='ocrx_word' id='word_1_95' title='bbox 1230 1564 1581 1646; x_wconf 88' lang='lat' dir='ltr'><strong>quondam</strong></span> <span class='ocrx_word' id='word_1_96' title='bbox 1639 1563 1729 1626; x_wconf 91' lang='lat' dir='ltr'><strong>ad</strong></span> <span class='ocrx_word' id='word_1_97' title='bbox 1776 1562 2115 1645; x_wconf 88' lang='lat' dir='ltr'><strong>prefatam</strong></span> <span class='ocrx_word' id='word_1_98' title='bbox 2160 1563 2525 1626; x_wconf 87' lang='lat' dir='ltr'><strong>ecclesiam</strong></span> <span class='ocrx_word' id='word_1_99' title='bbox 2566 1563 2654 1626; x_wconf 91' lang='lat' dir='ltr'><strong>de</strong></span> 
     </span>
     <span class='ocr_line' id='line_1_13' title="bbox 340 1647 2652 1733; baseline 0 -22"><span class='ocrx_word' id='word_1_100' title='bbox 340 1647 688 1730; x_wconf 80' lang='lat' dir='ltr'><strong>Queldric’</strong></span> <span class='ocrx_word' id='word_1_101' title='bbox 710 1650 1240 1732; x_wconf 82' lang='lat' dir='ltr'><strong>pertinentibuS‚</strong></span> <span class='ocrx_word' id='word_1_102' title='bbox 1266 1661 1333 1713; x_wconf 91' lang='lat' dir='ltr'><strong>et</strong></span> <span class='ocrx_word' id='word_1_103' title='bbox 1358 1671 1593 1713; x_wconf 90' lang='lat' dir='ltr'><strong>annua</strong></span> <span class='ocrx_word' id='word_1_104' title='bbox 1618 1650 1952 1733; x_wconf 89' lang='lat' dir='ltr'><strong>pensione</strong></span> <span class='ocrx_word' id='word_1_105' title='bbox 1985 1661 2259 1713; x_wconf 86' lang='lat' dir='ltr'><strong>centum</strong></span> <span class='ocrx_word' id='word_1_106' title='bbox 2295 1651 2420 1712; x_wconf 92' lang='lat' dir='ltr'><strong>sol.</strong></span> <span class='ocrx_word' id='word_1_107' title='bbox 2441 1670 2652 1732; x_wconf 90' lang='lat' dir='ltr'><strong>quam</strong></span> 
     </span>
     <span class='ocr_line' id='line_1_14' title="bbox 340 1737 2652 1819; baseline 0 -21"><span class='ocrx_word' id='word_1_108' title='bbox 340 1738 425 1798; x_wconf 90' lang='lat' dir='ltr'><strong>de</strong></span> <span class='ocrx_word' id='word_1_109' title='bbox 478 1738 723 1799; x_wconf 91' lang='lat' dir='ltr'><strong>eadem</strong></span> <span class='ocrx_word' id='word_1_110' title='bbox 777 1738 1071 1800; x_wconf 83' lang='lat' dir='ltr'><strong>ecclesia</strong></span> <span class='ocrx_word' id='word_1_111' title='bbox 1125 1739 1210 1800; x_wconf 91' lang='lat' dir='ltr'><strong>de</strong></span> <span class='ocrx_word' id='word_1_112' title='bbox 1261 1737 1589 1819; x_wconf 82' lang='lat' dir='ltr'><strong>Queldric</strong></span> <span class='ocrx_word' id='word_1_113' title='bbox 1631 1738 1970 1800; x_wconf 91' lang='lat' dir='ltr'><strong>habemus</strong></span> <span class='ocrx_word' id='word_1_114' title='bbox 2001 1748 2071 1800; x_wconf 91' lang='lat' dir='ltr'><strong>et</strong></span> <span class='ocrx_word' id='word_1_115' title='bbox 2101 1737 2457 1818; x_wconf 88' lang='lat' dir='ltr'><strong>percipere</strong></span> <span class='ocrx_word' id='word_1_116' title='bbox 2488 1757 2652 1799; x_wconf 91' lang='lat' dir='ltr'><strong>con-</strong></span> 
     </span>
     <span class='ocr_line' id='line_1_15' title="bbox 340 1822 2649 1907; baseline 0.001 -22"><span class='ocrx_word' id='word_1_117' title='bbox 340 1822 690 1886; x_wconf 86' lang='lat' dir='ltr'><strong>suevimus</strong></span> <span class='ocrx_word' id='word_1_118' title='bbox 731 1825 821 1886; x_wconf 92' lang='lat' dir='ltr'><strong>ab</strong></span> <span class='ocrx_word' id='word_1_119' title='bbox 863 1824 1172 1906; x_wconf 90' lang='lat' dir='ltr'><strong>antiquo.</strong></span> <span class='ocrx_word' id='word_1_120' title='bbox 1265 1824 1348 1887; x_wconf 94' lang='lat' dir='ltr'><strong>In</strong></span> <span class='ocrx_word' id='word_1_121' title='bbox 1391 1825 1586 1907; x_wconf 89' lang='lat' dir='ltr'><strong>cujus</strong></span> <span class='ocrx_word' id='word_1_122' title='bbox 1617 1825 1714 1886; x_wconf 92' lang='lat' dir='ltr'><strong>rei</strong></span> <span class='ocrx_word' id='word_1_123' title='bbox 1749 1834 1905 1886; x_wconf 91' lang='lat' dir='ltr'><strong>test.</strong></span> <span class='ocrx_word' id='word_1_124' title='bbox 1941 1843 2306 1886; x_wconf 90' lang='lat' dir='ltr'><strong>commune</strong></span> <span class='ocrx_word' id='word_1_125' title='bbox 2339 1824 2649 1906; x_wconf 87' lang='lat' dir='ltr'><strong>sigillum</strong></span> 
     </span>
     <span class='ocr_line' id='line_1_16' title="bbox 338 1910 2650 1993; baseline 0.001 -22"><span class='ocrx_word' id='word_1_126' title='bbox 338 1910 624 1990; x_wconf 89' lang='lat' dir='ltr'><strong>capituli</strong></span> <span class='ocrx_word' id='word_1_127' title='bbox 667 1911 885 1973; x_wconf 90' lang='lat' dir='ltr'><strong>nostri</strong></span> <span class='ocrx_word' id='word_1_128' title='bbox 928 1911 1367 1993; x_wconf 89' lang='lat' dir='ltr'><strong>presentibus</strong></span> <span class='ocrx_word' id='word_1_129' title='bbox 1409 1910 1698 1973; x_wconf 90' lang='lat' dir='ltr'><strong>fecimus</strong></span> <span class='ocrx_word' id='word_1_130' title='bbox 1738 1910 2020 1992; x_wconf 89' lang='lat' dir='ltr'><strong>apponi.</strong></span> <span class='ocrx_word' id='word_1_131' title='bbox 2112 1910 2277 1973; x_wconf 87' lang='lat' dir='ltr'><strong>Dat.</strong></span> <span class='ocrx_word' id='word_1_132' title='bbox 2312 1919 2381 1973; x_wconf 90' lang='lat' dir='ltr'><strong>et</strong></span> <span class='ocrx_word' id='word_1_133' title='bbox 2412 1921 2544 1975; x_wconf 91' lang='lat' dir='ltr'><strong>act.</strong></span> <span class='ocrx_word' id='word_1_134' title='bbox 2581 1913 2650 1974; x_wconf 94' lang='lat' dir='ltr'><strong>in</strong></span> 
     </span>
     <span class='ocr_line' id='line_1_17' title="bbox 339 1995 2653 2077; baseline -0 -17"><span class='ocrx_word' id='word_1_135' title='bbox 339 1996 645 2077; x_wconf 89' lang='lat' dir='ltr'><strong>capitulo</strong></span> <span class='ocrx_word' id='word_1_136' title='bbox 677 2009 914 2061; x_wconf 90' lang='lat' dir='ltr'><strong>nostro</strong></span> <span class='ocrx_word' id='word_1_137' title='bbox 947 2000 1033 2061; x_wconf 91' lang='lat' dir='ltr'><strong>de</strong></span> <span class='ocrx_word' id='word_1_138' title='bbox 1063 1998 1363 2074; x_wconf 88' lang='lat' dir='ltr'><strong>Wartre,</strong></span> <span class='ocrx_word' id='word_1_139' title='bbox 1397 1998 1552 2061; x_wconf 90' lang='lat' dir='ltr'><strong>idus</strong></span> <span class='ocrx_word' id='word_1_140' title='bbox 1587 1997 1643 2060; x_wconf 92' lang='lat' dir='ltr'>F</span> <span class='ocrx_word' id='word_1_141' title='bbox 1646 1999 1978 2074; x_wconf 89' lang='lat' dir='ltr'><strong>eb.,anno</strong></span> <span class='ocrx_word' id='word_1_142' title='bbox 2011 1995 2273 2061; x_wconf 83' lang='lat' dir='ltr'><strong>Gratiae</strong></span> <span class='ocrx_word' id='word_1_143' title='bbox 2306 2001 2653 2061; x_wconf 78' lang='lat' dir='ltr'><strong>M⁰CC⁰LX⁰</strong></span> 
     </span>
     <span class='ocr_line' id='line_1_18' title="bbox 341 2084 2032 2170; baseline 0.001 -24"><span class='ocrx_word' id='word_1_144' title='bbox 341 2084 639 2164; x_wconf 92' lang='lat' dir='ltr'><strong>septimo</strong></span> <span class='ocrx_word' id='word_1_145' title='bbox 673 2084 865 2168; x_wconf 88' lang='lat' dir='ltr'><strong>(Feb.</strong></span> <span class='ocrx_word' id='word_1_146' title='bbox 909 2106 1004 2164; x_wconf 86' lang='lat'><strong>13,</strong></span> <span class='ocrx_word' id='word_1_147' title='bbox 1047 2086 1331 2170; x_wconf 84' lang='lat'>1267-8).</span> <span class='ocrx_word' id='word_1_148' title='bbox 2009 2110 2032 2123; x_wconf 74' lang='lat'><strong>·</strong></span> 
     </span>
    </p>

    <p class='ocr_par' dir='ltr' id='par_1_3' title="bbox 330 2169 2659 4345">
     <span class='ocr_line' id='line_1_19' title="bbox 424 2169 2656 2254; baseline 0 -22"><span class='ocrx_word' id='word_1_149' title='bbox 424 2169 592 2248; x_wconf 87' lang='lat' dir='ltr'><strong>Nos,</strong></span> <span class='ocrx_word' id='word_1_150' title='bbox 614 2172 940 2235; x_wconf 91' lang='lat' dir='ltr'><strong>omnibus</strong></span> <span class='ocrx_word' id='word_1_151' title='bbox 960 2172 1498 2235; x_wconf 85' lang='lat' dir='ltr'><strong>circumstantiis</strong></span> <span class='ocrx_word' id='word_1_152' title='bbox 1518 2192 1677 2235; x_wconf 91' lang='lat' dir='ltr'><strong>cum</strong></span> <span class='ocrx_word' id='word_1_153' title='bbox 1710 2172 1947 2235; x_wconf 87' lang='lat' dir='ltr'><strong>debita</strong></span> <span class='ocrx_word' id='word_1_154' title='bbox 1971 2171 2339 2253; x_wconf 86' lang='lat' dir='ltr'><strong>diligentia</strong></span> <span class='ocrx_word' id='word_1_155' title='bbox 2357 2172 2656 2254; x_wconf 88' lang='lat' dir='ltr'><strong>ponder-</strong></span> 
     </span>
     <span class='ocr_line' id='line_1_20' title="bbox 339 2259 2657 2342; baseline 0 -21"><span class='ocrx_word' id='word_1_156' title='bbox 339 2259 492 2333; x_wconf 78' lang='lat' dir='ltr'><strong>atiS,</strong></span> <span class='ocrx_word' id='word_1_157' title='bbox 526 2259 891 2321; x_wconf 89' lang='lat' dir='ltr'><strong>ecclesiam</strong></span> <span class='ocrx_word' id='word_1_158' title='bbox 924 2259 1010 2323; x_wconf 92' lang='lat' dir='ltr'><strong>de</strong></span> <span class='ocrx_word' id='word_1_159' title='bbox 1044 2259 1244 2322; x_wconf 91' lang='lat' dir='ltr'><strong>Lund</strong></span> <span class='ocrx_word' id='word_1_160' title='bbox 1275 2279 1433 2322; x_wconf 91' lang='lat' dir='ltr'><strong>cum</strong></span> <span class='ocrx_word' id='word_1_161' title='bbox 1488 2260 1812 2322; x_wconf 87' lang='lat' dir='ltr'><strong>omnibus</strong></span> <span class='ocrx_word' id='word_1_162' title='bbox 1837 2259 2108 2342; x_wconf 88' lang='lat' dir='ltr'><strong>juribus</strong></span> <span class='ocrx_word' id='word_1_163' title='bbox 2161 2269 2230 2321; x_wconf 90' lang='lat' dir='ltr'><strong>et</strong></span> <span class='ocrx_word' id='word_1_164' title='bbox 2283 2269 2456 2340; x_wconf 87' lang='lat' dir='ltr'><strong>pert.</strong></span> <span class='ocrx_word' id='word_1_165' title='bbox 2514 2260 2657 2322; x_wconf 89' lang='lat' dir='ltr'><strong>suis</strong></span> 
     </span>
     <span class='ocr_line' id='line_1_21' title="bbox 339 2345 2652 2427; baseline 0 -19"><span class='ocrx_word' id='word_1_166' title='bbox 339 2345 598 2408; x_wconf 90' lang='lat' dir='ltr'><strong>eisdem</strong></span> <span class='ocrx_word' id='word_1_167' title='bbox 641 2346 853 2427; x_wconf 87' lang='lat' dir='ltr'><strong>priori</strong></span> <span class='ocrx_word' id='word_1_168' title='bbox 886 2357 954 2409; x_wconf 91' lang='lat' dir='ltr'><strong>et</strong></span> <span class='ocrx_word' id='word_1_169' title='bbox 985 2346 1354 2410; x_wconf 89' lang='lat' dir='ltr'><strong>conventui</strong></span> <span class='ocrx_word' id='word_1_170' title='bbox 1388 2347 1459 2410; x_wconf 89' lang='lat' dir='ltr'><strong>in</strong></span> <span class='ocrx_word' id='word_1_171' title='bbox 1504 2367 1649 2409; x_wconf 86' lang='lat' dir='ltr'><strong>suae</strong></span> <span class='ocrx_word' id='word_1_172' title='bbox 1683 2346 2211 2408; x_wconf 89' lang='lat' dir='ltr'><strong>sustentationis</strong></span> <span class='ocrx_word' id='word_1_173' title='bbox 2244 2347 2652 2419; x_wconf 84' lang='lat' dir='ltr'><strong>subsidium,</strong></span> 
     </span>
     <span class='ocr_line' id='line_1_22' title="bbox 340 2426 2659 2516; baseline 0 -21"><span class='ocrx_word' id='word_1_174' title='bbox 340 2442 408 2496; x_wconf 93' lang='lat' dir='ltr'><strong>et</strong></span> <span class='ocrx_word' id='word_1_175' title='bbox 438 2432 942 2514; x_wconf 88' lang='lat' dir='ltr'><strong>hospitalitatis</strong></span> <span class='ocrx_word' id='word_1_176' title='bbox 974 2455 1132 2516; x_wconf 86' lang='lat' dir='ltr'><strong>quae</strong></span> <span class='ocrx_word' id='word_1_177' title='bbox 1163 2434 1350 2516; x_wconf 93' lang='lat' dir='ltr'><strong>apud</strong></span> <span class='ocrx_word' id='word_1_178' title='bbox 1381 2453 1501 2496; x_wconf 88' lang='lat' dir='ltr'><strong>eos</strong></span> <span class='ocrx_word' id='word_1_179' title='bbox 1532 2426 1979 2497; x_wconf 84' lang='lat' dir='ltr'><strong>laudabiliter</strong></span> <span class='ocrx_word' id='word_1_180' title='bbox 2008 2433 2245 2514; x_wconf 84' lang='lat' dir='ltr'><strong>vigere</strong></span> <span class='ocrx_word' id='word_1_181' title='bbox 2277 2434 2659 2495; x_wconf 89' lang='lat' dir='ltr'><strong>dinoscitur</strong></span> 
     </span>
     <span class='ocr_line' id='line_1_23' title="bbox 339 2520 2656 2605; baseline 0 -22"><span class='ocrx_word' id='word_1_182' title='bbox 339 2520 862 2599; x_wconf 91' lang='lat' dir='ltr'><strong>incrementum,</strong></span> <span class='ocrx_word' id='word_1_183' title='bbox 948 2522 1017 2585; x_wconf 89' lang='lat' dir='ltr'><strong>in</strong></span> <span class='ocrx_word' id='word_1_184' title='bbox 1101 2521 1421 2605; x_wconf 90' lang='lat' dir='ltr'><strong>proprios</strong></span> <span class='ocrx_word' id='word_1_185' title='bbox 1504 2541 1672 2584; x_wconf 91' lang='lat' dir='ltr'><strong>usus</strong></span> <span class='ocrx_word' id='word_1_186' title='bbox 1775 2520 2219 2584; x_wconf 89' lang='lat' dir='ltr'><strong>concedimus</strong></span> <span class='ocrx_word' id='word_1_187' title='bbox 2303 2531 2371 2584; x_wconf 92' lang='lat' dir='ltr'><strong>et</strong></span> <span class='ocrx_word' id='word_1_188' title='bbox 2445 2520 2656 2583; x_wconf 92' lang='lat' dir='ltr'><strong>etiam</strong></span> 
     </span>
     <span class='ocr_line' id='line_1_24' title="bbox 337 2605 2657 2696; baseline -0 -25"><span class='ocrx_word' id='word_1_189' title='bbox 337 2609 802 2690; x_wconf 83' lang='lat' dir='ltr'><strong>assignamus,</strong></span> <span class='ocrx_word' id='word_1_190' title='bbox 876 2605 1047 2696; x_wconf 87' lang='lat' dir='ltr'><strong>[¹Ita</strong></span> <span class='ocrx_word' id='word_1_191' title='bbox 1099 2610 1306 2691; x_wconf 90' lang='lat' dir='ltr'><strong>quod,</strong></span> <span class='ocrx_word' id='word_1_192' title='bbox 1339 2618 1603 2672; x_wconf 89' lang='lat' dir='ltr'><strong>rectore</strong></span> <span class='ocrx_word' id='word_1_193' title='bbox 1651 2608 1769 2692; x_wconf 91' lang='lat' dir='ltr'><strong>qui</strong></span> <span class='ocrx_word' id='word_1_194' title='bbox 1820 2628 2004 2671; x_wconf 93' lang='lat' dir='ltr'><strong>nunc</strong></span> <span class='ocrx_word' id='word_1_195' title='bbox 2053 2618 2157 2670; x_wconf 92' lang='lat' dir='ltr'><strong>est</strong></span> <span class='ocrx_word' id='word_1_196' title='bbox 2210 2609 2498 2670; x_wconf 91' lang='lat' dir='ltr'><strong>cedente</strong></span> <span class='ocrx_word' id='word_1_197' title='bbox 2545 2609 2657 2670; x_wconf 86' lang='lat' dir='ltr'><strong>vel</strong></span> 
     </span>
     <span class='ocr_line' id='line_1_25' title="bbox 338 2695 2654 2778; baseline -0.001 -20"><span class='ocrx_word' id='word_1_198' title='bbox 338 2696 735 2772; x_wconf 89' lang='lat' dir='ltr'><strong>decedente,</strong></span> <span class='ocrx_word' id='word_1_199' title='bbox 800 2695 1007 2759; x_wconf 90' lang='lat' dir='ltr'><strong>liceat</strong></span> <span class='ocrx_word' id='word_1_200' title='bbox 1080 2696 1284 2759; x_wconf 90' lang='lat' dir='ltr'><strong>dictis</strong></span> <span class='ocrx_word' id='word_1_201' title='bbox 1333 2697 1542 2778; x_wconf 89' lang='lat' dir='ltr'><strong>priori</strong></span> <span class='ocrx_word' id='word_1_202' title='bbox 1600 2706 1668 2758; x_wconf 92' lang='lat' dir='ltr'><strong>et</strong></span> <span class='ocrx_word' id='word_1_203' title='bbox 1718 2695 2088 2758; x_wconf 90' lang='lat' dir='ltr'><strong>conventui</strong></span> <span class='ocrx_word' id='word_1_204' title='bbox 2143 2695 2654 2777; x_wconf 90' lang='lat' dir='ltr'><strong>possessionem</strong></span> 
     </span>
     <span class='ocr_line' id='line_1_26' title="bbox 338 2780 2657 2865; baseline -0 -20"><span class='ocrx_word' id='word_1_205' title='bbox 338 2782 558 2864; x_wconf 89' lang='lat' dir='ltr'><strong>ipsius</strong></span> <span class='ocrx_word' id='word_1_206' title='bbox 571 2783 884 2845; x_wconf 84' lang='lat' dir='ltr'><strong>ecclesiae</strong></span> <span class='ocrx_word' id='word_1_207' title='bbox 896 2782 982 2845; x_wconf 94' lang='lat' dir='ltr'><strong>de</strong></span> <span class='ocrx_word' id='word_1_208' title='bbox 1004 2782 1204 2845; x_wconf 93' lang='lat' dir='ltr'><strong>Lund</strong></span> <span class='ocrx_word' id='word_1_209' title='bbox 1225 2784 1638 2846; x_wconf 86' lang='lat' dir='ltr'><strong>auctoritate</strong></span> <span class='ocrx_word' id='word_1_210' title='bbox 1650 2783 1931 2865; x_wconf 88' lang='lat' dir='ltr'><strong>propria</strong></span> <span class='ocrx_word' id='word_1_211' title='bbox 1952 2783 2245 2863; x_wconf 80' lang='lat' dir='ltr'><strong>ingredi,</strong></span> <span class='ocrx_word' id='word_1_212' title='bbox 2259 2780 2657 2863; x_wconf 88' lang='lat' dir='ltr'><strong>fructusque</strong></span> 
     </span>
     <span class='ocr_line' id='line_1_27' title="bbox 339 2869 2656 2952; baseline 0 -21"><span class='ocrx_word' id='word_1_213' title='bbox 339 2869 649 2950; x_wconf 89' lang='lat' dir='ltr'><strong>ejusdem</strong></span> <span class='ocrx_word' id='word_1_214' title='bbox 699 2870 1055 2952; x_wconf 88' lang='lat' dir='ltr'><strong>percipere</strong></span> <span class='ocrx_word' id='word_1_215' title='bbox 1108 2884 1178 2932; x_wconf 91' lang='lat' dir='ltr'><strong>et</strong></span> <span class='ocrx_word' id='word_1_216' title='bbox 1231 2871 1301 2932; x_wconf 89' lang='lat' dir='ltr'><strong>in</strong></span> <span class='ocrx_word' id='word_1_217' title='bbox 1356 2870 1674 2952; x_wconf 89' lang='lat' dir='ltr'><strong>proprios</strong></span> <span class='ocrx_word' id='word_1_218' title='bbox 1728 2890 1895 2932; x_wconf 92' lang='lat' dir='ltr'><strong>usus</strong></span> <span class='ocrx_word' id='word_1_219' title='bbox 1948 2880 2368 2945; x_wconf 85' lang='lat' dir='ltr'><strong>convertere,</strong></span> <span class='ocrx_word' id='word_1_220' title='bbox 2417 2879 2656 2931; x_wconf 89' lang='lat' dir='ltr'><strong>nostro</strong></span> 
     </span>
     <span class='ocr_line' id='line_1_28' title="bbox 339 2956 2656 3038; baseline 0 -20"><span class='ocrx_word' id='word_1_221' title='bbox 339 2967 458 3019; x_wconf 91' lang='lat' dir='ltr'><strong>aut</strong></span> <span class='ocrx_word' id='word_1_222' title='bbox 531 2976 711 3019; x_wconf 79' lang='lat' dir='ltr'><strong>succ,</strong></span> <span class='ocrx_word' id='word_1_223' title='bbox 790 2967 1181 3019; x_wconf 89' lang='lat' dir='ltr'><strong>nostrorum</strong></span> <span class='ocrx_word' id='word_1_224' title='bbox 1264 2967 1384 3019; x_wconf 88' lang='lat' dir='ltr'><strong>aut</strong></span> <span class='ocrx_word' id='word_1_225' title='bbox 1461 2958 1755 3020; x_wconf 90' lang='lat' dir='ltr'><strong>aliorum</strong></span> <span class='ocrx_word' id='word_1_226' title='bbox 1839 2956 2307 3038; x_wconf 88' lang='lat' dir='ltr'><strong>quorumlibet</strong></span> <span class='ocrx_word' id='word_1_227' title='bbox 2366 2976 2656 3019; x_wconf 88' lang='lat' dir='ltr'><strong>assensu</strong></span> 
     </span>
     <span class='ocr_line' id='line_1_29' title="bbox 339 3041 2657 3145; baseline -0 -39"><span class='ocrx_word' id='word_1_228' title='bbox 339 3043 626 3106; x_wconf 90' lang='lat' dir='ltr'><strong>ulterius</strong></span> <span class='ocrx_word' id='word_1_229' title='bbox 657 3044 943 3107; x_wconf 90' lang='lat' dir='ltr'><strong>minime</strong></span> <span class='ocrx_word' id='word_1_230' title='bbox 974 3041 1360 3145; x_wconf 64' lang='lat' dir='ltr'><strong>requisito]</strong></span> <span class='ocrx_word' id='word_1_231' title='bbox 1454 3043 1672 3107; x_wconf 86' lang='lat' dir='ltr'><strong>Salva</strong></span> <span class='ocrx_word' id='word_1_232' title='bbox 1711 3044 1972 3106; x_wconf 89' lang='lat' dir='ltr'><strong>vicaria</strong></span> <span class='ocrx_word' id='word_1_233' title='bbox 2012 3045 2324 3106; x_wconf 84' lang='lat' dir='ltr'><strong>taxanda</strong></span> <span class='ocrx_word' id='word_1_234' title='bbox 2365 3062 2490 3124; x_wconf 89' lang='lat' dir='ltr'><strong>per</strong></span> <span class='ocrx_word' id='word_1_235' title='bbox 2528 3064 2657 3105; x_wconf 89' lang='lat' dir='ltr'><strong>nos</strong></span> 
     </span>
     <span class='ocr_line' id='line_1_30' title="bbox 340 3130 2655 3213; baseline -0 -21"><span class='ocrx_word' id='word_1_236' title='bbox 340 3130 411 3192; x_wconf 91' lang='lat' dir='ltr'><strong>in</strong></span> <span class='ocrx_word' id='word_1_237' title='bbox 441 3133 711 3209; x_wconf 88' lang='lat' dir='ltr'><strong>eadem,</strong></span> <span class='ocrx_word' id='word_1_238' title='bbox 744 3131 833 3193; x_wconf 93' lang='lat' dir='ltr'><strong>ad</strong></span> <span class='ocrx_word' id='word_1_239' title='bbox 865 3151 1076 3213; x_wconf 91' lang='lat' dir='ltr'><strong>quarn</strong></span> <span class='ocrx_word' id='word_1_240' title='bbox 1110 3151 1265 3194; x_wconf 92' lang='lat' dir='ltr'><strong>eum</strong></span> <span class='ocrx_word' id='word_1_241' title='bbox 1309 3132 1534 3212; x_wconf 91' lang='lat' dir='ltr'><strong>ipsam</strong></span> <span class='ocrx_word' id='word_1_242' title='bbox 1566 3150 1818 3193; x_wconf 89' lang='lat' dir='ltr'><strong>vacare</strong></span> <span class='ocrx_word' id='word_1_243' title='bbox 1858 3130 2252 3212; x_wconf 90' lang='lat' dir='ltr'><strong>contigerit,</strong></span> <span class='ocrx_word' id='word_1_244' title='bbox 2284 3150 2655 3211; x_wconf 88' lang='lat' dir='ltr'><strong>personam</strong></span> 
     </span>
     <span class='ocr_line' id='line_1_31' title="bbox 340 3216 2654 3294; baseline -0.001 -14"><span class='ocrx_word' id='word_1_245' title='bbox 340 3218 660 3281; x_wconf 89' lang='lat' dir='ltr'><strong>idoneam</strong></span> <span class='ocrx_word' id='word_1_246' title='bbox 736 3219 939 3281; x_wconf 92' lang='lat' dir='ltr'><strong>nobis</strong></span> <span class='ocrx_word' id='word_1_247' title='bbox 999 3228 1069 3280; x_wconf 92' lang='lat' dir='ltr'><strong>et</strong></span> <span class='ocrx_word' id='word_1_248' title='bbox 1128 3219 1384 3281; x_wconf 89' lang='lat' dir='ltr'><strong>nostris</strong></span> <span class='ocrx_word' id='word_1_249' title='bbox 1445 3238 1628 3282; x_wconf 92' lang='lat' dir='ltr'><strong>succ.</strong></span> <span class='ocrx_word' id='word_1_250' title='bbox 1615 3266 1652 3294; x_wconf 93' lang='lat'><strong>.,</strong></span> <span class='ocrx_word' id='word_1_251' title='bbox 1719 3237 1801 3280; x_wconf 90' lang='lat' dir='ltr'><strong>ac</strong></span> <span class='ocrx_word' id='word_1_252' title='bbox 1863 3219 2026 3280; x_wconf 93' lang='lat' dir='ltr'><strong>sede</strong></span> <span class='ocrx_word' id='word_1_253' title='bbox 2086 3227 2382 3279; x_wconf 90' lang='lat' dir='ltr'><strong>vacante</strong></span> <span class='ocrx_word' id='word_1_254' title='bbox 2443 3216 2654 3280; x_wconf 90' lang='lat' dir='ltr'><strong>Ebor.</strong></span> 
     </span>
     <span class='ocr_line' id='line_1_32' title="bbox 340 3301 2650 3388; baseline -0.001 -20"><span class='ocrx_word' id='word_1_255' title='bbox 340 3304 663 3388; x_wconf 92' lang='lat' dir='ltr'><strong>Capitulo</strong></span> <span class='ocrx_word' id='word_1_256' title='bbox 738 3307 1260 3387; x_wconf 90' lang='lat' dir='ltr'><strong>presentabunt.</strong></span> <span class='ocrx_word' id='word_1_257' title='bbox 1355 3305 1436 3367; x_wconf 94' lang='lat' dir='ltr'><strong>In</strong></span> <span class='ocrx_word' id='word_1_258' title='bbox 1513 3305 1826 3368; x_wconf 90' lang='lat' dir='ltr'><strong>ecclesiis</strong></span> <span class='ocrx_word' id='word_1_259' title='bbox 1898 3323 2064 3366; x_wconf 88' lang='lat' dir='ltr'><strong>vero</strong></span> <span class='ocrx_word' id='word_1_260' title='bbox 2140 3305 2226 3366; x_wconf 93' lang='lat' dir='ltr'><strong>de</strong></span> <span class='ocrx_word' id='word_1_261' title='bbox 2303 3301 2650 3385; x_wconf 80' lang='lat' dir='ltr'><strong>Queldric&#39;</strong></span> 
     </span>
     <span class='ocr_line' id='line_1_33' title="bbox 339 3391 2655 3473; baseline 0 -19"><span class='ocrx_word' id='word_1_262' title='bbox 339 3402 407 3455; x_wconf 90' lang='lat' dir='ltr'><strong>et</strong></span> <span class='ocrx_word' id='word_1_263' title='bbox 480 3395 567 3454; x_wconf 93' lang='lat' dir='ltr'><strong>de</strong></span> <span class='ocrx_word' id='word_1_264' title='bbox 657 3392 1019 3455; x_wconf 89' lang='lat' dir='ltr'><strong>Brunnum</strong></span> <span class='ocrx_word' id='word_1_265' title='bbox 1140 3413 1296 3456; x_wconf 90' lang='lat' dir='ltr'><strong>cum</strong></span> <span class='ocrx_word' id='word_1_266' title='bbox 1416 3394 1690 3473; x_wconf 91' lang='lat' dir='ltr'><strong>capella</strong></span> <span class='ocrx_word' id='word_1_267' title='bbox 1807 3392 1895 3454; x_wconf 91' lang='lat' dir='ltr'><strong>de</strong></span> <span class='ocrx_word' id='word_1_268' title='bbox 1982 3391 2238 3473; x_wconf 89' lang='lat' dir='ltr'><strong>Thorp’</strong></span> <span class='ocrx_word' id='word_1_269' title='bbox 2341 3401 2410 3453; x_wconf 93' lang='lat' dir='ltr'><strong>et</strong></span> <span class='ocrx_word' id='word_1_270' title='bbox 2496 3391 2655 3454; x_wconf 91' lang='lat' dir='ltr'><strong>aliis</strong></span> 
     </span>
     <span class='ocr_line' id='line_1_34' title="bbox 338 3478 2654 3562; baseline -0.001 -20"><span class='ocrx_word' id='word_1_271' title='bbox 338 3489 508 3562; x_wconf 90' lang='lat' dir='ltr'><strong>pert.</strong></span> <span class='ocrx_word' id='word_1_272' title='bbox 537 3479 652 3561; x_wconf 88' lang='lat' dir='ltr'><strong>jus</strong></span> <span class='ocrx_word' id='word_1_273' title='bbox 701 3489 1111 3561; x_wconf 88' lang='lat' dir='ltr'><strong>patronatus</strong></span> <span class='ocrx_word' id='word_1_274' title='bbox 1153 3479 1355 3542; x_wconf 91' lang='lat' dir='ltr'><strong>nobis</strong></span> <span class='ocrx_word' id='word_1_275' title='bbox 1398 3488 1467 3541; x_wconf 90' lang='lat' dir='ltr'><strong>et</strong></span> <span class='ocrx_word' id='word_1_276' title='bbox 1507 3499 1688 3542; x_wconf 84' lang='lat' dir='ltr'><strong>suco.</strong></span> <span class='ocrx_word' id='word_1_277' title='bbox 1723 3479 1980 3541; x_wconf 88' lang='lat' dir='ltr'><strong>nostris</strong></span> <span class='ocrx_word' id='word_1_278' title='bbox 2013 3478 2407 3560; x_wconf 90' lang='lat' dir='ltr'><strong>specialiter</strong></span> <span class='ocrx_word' id='word_1_279' title='bbox 2436 3496 2654 3540; x_wconf 90' lang='lat' dir='ltr'><strong>reser-</strong></span> 
     </span>
     <span class='ocr_line' id='line_1_35' title="bbox 337 3565 2656 3650; baseline -0.001 -21"><span class='ocrx_word' id='word_1_280' title='bbox 337 3587 602 3629; x_wconf 78' lang='lat' dir='ltr'><strong>vamus,</strong></span> <span class='ocrx_word' id='word_1_281' title='bbox 724 3566 836 3629; x_wconf 90' lang='lat' dir='ltr'><strong>Ita</strong></span> <span class='ocrx_word' id='word_1_282' title='bbox 889 3569 1075 3650; x_wconf 94' lang='lat' dir='ltr'><strong>quod</strong></span> <span class='ocrx_word' id='word_1_283' title='bbox 1125 3567 1332 3630; x_wconf 89' lang='lat' dir='ltr'><strong>liceat</strong></span> <span class='ocrx_word' id='word_1_284' title='bbox 1387 3565 1590 3628; x_wconf 92' lang='lat' dir='ltr'><strong>nobis</strong></span> <span class='ocrx_word' id='word_1_285' title='bbox 1640 3577 1708 3629; x_wconf 93' lang='lat' dir='ltr'><strong>et</strong></span> <span class='ocrx_word' id='word_1_286' title='bbox 1770 3586 1950 3630; x_wconf 80' lang='lat' dir='ltr'><strong>succ,</strong></span> <span class='ocrx_word' id='word_1_287' title='bbox 2015 3565 2270 3628; x_wconf 86' lang='lat' dir='ltr'><strong>nostris</strong></span> <span class='ocrx_word' id='word_1_288' title='bbox 2323 3566 2656 3647; x_wconf 91' lang='lat' dir='ltr'><strong>quociens</strong></span> 
     </span>
     <span class='ocr_line' id='line_1_36' title="bbox 338 3651 2656 3735; baseline 0 -19"><span class='ocrx_word' id='word_1_289' title='bbox 338 3654 558 3717; x_wconf 91' lang='lat' dir='ltr'><strong>dictas</strong></span> <span class='ocrx_word' id='word_1_290' title='bbox 619 3654 950 3716; x_wconf 89' lang='lat' dir='ltr'><strong>ecclesias</strong></span> <span class='ocrx_word' id='word_1_291' title='bbox 1008 3673 1258 3717; x_wconf 89' lang='lat' dir='ltr'><strong>vacare</strong></span> <span class='ocrx_word' id='word_1_292' title='bbox 1332 3653 1704 3735; x_wconf 87' lang='lat' dir='ltr'><strong>contigerit</strong></span> <span class='ocrx_word' id='word_1_293' title='bbox 1778 3673 1898 3715; x_wconf 92' lang='lat' dir='ltr'><strong>eas</strong></span> <span class='ocrx_word' id='word_1_294' title='bbox 1973 3651 2280 3715; x_wconf 88' lang='lat' dir='ltr'><strong>conferre</strong></span> <span class='ocrx_word' id='word_1_295' title='bbox 2340 3652 2656 3734; x_wconf 88' lang='lat' dir='ltr'><strong>personis</strong></span> 
     </span>
     <span class='ocr_line' id='line_1_37' title="bbox 340 3739 2653 3822; baseline -0.001 -18"><span class='ocrx_word' id='word_1_296' title='bbox 340 3741 627 3817; x_wconf 82' lang='lat' dir='ltr'><strong>idoneiS,</strong></span> <span class='ocrx_word' id='word_1_297' title='bbox 691 3750 762 3804; x_wconf 90' lang='lat' dir='ltr'><strong>et</strong></span> <span class='ocrx_word' id='word_1_298' title='bbox 829 3741 916 3804; x_wconf 92' lang='lat' dir='ltr'><strong>de</strong></span> <span class='ocrx_word' id='word_1_299' title='bbox 969 3741 1070 3804; x_wconf 90' lang='lat' dir='ltr'><strong>eis</strong></span> <span class='ocrx_word' id='word_1_300' title='bbox 1132 3740 1454 3804; x_wconf 88' lang='lat' dir='ltr'><strong>ordinare</strong></span> <span class='ocrx_word' id='word_1_301' title='bbox 1492 3761 1618 3822; x_wconf 92' lang='lat' dir='ltr'><strong>pro</strong></span> <span class='ocrx_word' id='word_1_302' title='bbox 1667 3750 1926 3803; x_wconf 78' lang='lat' dir='ltr'><strong>nostrae</strong></span> <span class='ocrx_word' id='word_1_303' title='bbox 1978 3739 2179 3802; x_wconf 93' lang='lat' dir='ltr'><strong>libito</strong></span> <span class='ocrx_word' id='word_1_304' title='bbox 2232 3740 2653 3813; x_wconf 90' lang='lat' dir='ltr'><strong>voluntatis;</strong></span> 
     </span>
     <span class='ocr_line' id='line_1_38' title="bbox 337 3826 2658 3911; baseline -0 -21"><span class='ocrx_word' id='word_1_305' title='bbox 337 3828 541 3892; x_wconf 91' lang='lat' dir='ltr'><strong>dictis</strong></span> <span class='ocrx_word' id='word_1_306' title='bbox 595 3828 823 3911; x_wconf 90' lang='lat' dir='ltr'><strong>priore</strong></span> <span class='ocrx_word' id='word_1_307' title='bbox 876 3837 946 3891; x_wconf 90' lang='lat' dir='ltr'><strong>et</strong></span> <span class='ocrx_word' id='word_1_308' title='bbox 992 3838 1339 3891; x_wconf 91' lang='lat' dir='ltr'><strong>conventu</strong></span> <span class='ocrx_word' id='word_1_309' title='bbox 1388 3847 1528 3890; x_wconf 89' lang='lat' dir='ltr'><strong>non</strong></span> <span class='ocrx_word' id='word_1_310' title='bbox 1569 3828 1970 3890; x_wconf 88' lang='lat' dir='ltr'><strong>valentibus</strong></span> <span class='ocrx_word' id='word_1_311' title='bbox 2001 3827 2088 3889; x_wconf 90' lang='lat' dir='ltr'><strong>de</strong></span> <span class='ocrx_word' id='word_1_312' title='bbox 2121 3837 2348 3889; x_wconf 90' lang='lat' dir='ltr'><strong>cetero</strong></span> <span class='ocrx_word' id='word_1_313' title='bbox 2382 3827 2450 3888; x_wconf 93' lang='lat' dir='ltr'><strong>in</strong></span> <span class='ocrx_word' id='word_1_314' title='bbox 2485 3826 2658 3908; x_wconf 88' lang='lat' dir='ltr'><strong>ipsis</strong></span> 
     </span>
     <span class='ocr_line' id='line_1_39' title="bbox 337 3913 2657 4016; baseline -0.002 -37"><span class='ocrx_word' id='word_1_315' title='bbox 337 3916 648 3979; x_wconf 89' lang='lat' dir='ltr'><strong>ecclesiis</strong></span> <span class='ocrx_word' id='word_1_316' title='bbox 678 3935 835 3978; x_wconf 92' lang='lat' dir='ltr'><strong>cum</strong></span> <span class='ocrx_word' id='word_1_317' title='bbox 858 3925 1030 3997; x_wconf 89' lang='lat' dir='ltr'><strong>pert.</strong></span> <span class='ocrx_word' id='word_1_318' title='bbox 1054 3924 1175 3979; x_wconf 88' lang='lat' dir='ltr'><strong>aut</strong></span> <span class='ocrx_word' id='word_1_319' title='bbox 1199 3925 1574 4016; x_wconf 88' lang='lat' dir='ltr'><strong>patronatu</strong></span> <span class='ocrx_word' id='word_1_320' title='bbox 1598 3914 1928 3996; x_wconf 89' lang='lat' dir='ltr'><strong>ipsarum,</strong></span> <span class='ocrx_word' id='word_1_321' title='bbox 1962 3923 2194 3996; x_wconf 87' lang='lat' dir='ltr'><strong>preter</strong></span> <span class='ocrx_word' id='word_1_322' title='bbox 2221 3932 2306 3976; x_wconf 88' lang='lat' dir='ltr'><strong>ea</strong></span> <span class='ocrx_word' id='word_1_323' title='bbox 2336 3934 2492 3996; x_wconf 86' lang='lat' dir='ltr'><strong>quae</strong></span> <span class='ocrx_word' id='word_1_324' title='bbox 2524 3913 2657 3976; x_wconf 91' lang='lat' dir='ltr'><strong>sibi</strong></span> 
     </span>
     <span class='ocr_line' id='line_1_40' title="bbox 337 4001 2658 4085; baseline -0.001 -19"><span class='ocrx_word' id='word_1_325' title='bbox 337 4013 496 4066; x_wconf 89' lang='lat' dir='ltr'><strong>sunt</strong></span> <span class='ocrx_word' id='word_1_326' title='bbox 550 4003 869 4085; x_wconf 90' lang='lat' dir='ltr'><strong>superius</strong></span> <span class='ocrx_word' id='word_1_327' title='bbox 916 4016 1289 4079; x_wconf 89' lang='lat' dir='ltr'><strong>reservata,</strong></span> <span class='ocrx_word' id='word_1_328' title='bbox 1340 4002 1455 4084; x_wconf 87' lang='lat' dir='ltr'><strong>jus</strong></span> <span class='ocrx_word' id='word_1_329' title='bbox 1510 4002 1793 4084; x_wconf 89' lang='lat' dir='ltr'><strong>aliquod</strong></span> <span class='ocrx_word' id='word_1_330' title='bbox 1845 4001 2236 4063; x_wconf 89' lang='lat' dir='ltr'><strong>vendicare.</strong></span> <span class='ocrx_word' id='word_1_331' title='bbox 2332 4001 2411 4062; x_wconf 94' lang='lat' dir='ltr'><strong>In</strong></span> <span class='ocrx_word' id='word_1_332' title='bbox 2462 4001 2658 4082; x_wconf 89' lang='lat' dir='ltr'><strong>cujus</strong></span> 
     </span>
     <span class='ocr_line' id='line_1_41' title="bbox 336 4087 2655 4207; baseline -0.001 -55"><span class='ocrx_word' id='word_1_333' title='bbox 336 4092 429 4154; x_wconf 91' lang='lat' dir='ltr'><strong>rei</strong></span> <span class='ocrx_word' id='word_1_334' title='bbox 461 4100 622 4154; x_wconf 89' lang='lat' dir='ltr'><strong>test.</strong></span> <span class='ocrx_word' id='word_1_335' title='bbox 659 4089 971 4173; x_wconf 88' lang='lat' dir='ltr'><strong>sigillum</strong></span> <span class='ocrx_word' id='word_1_336' title='bbox 1003 4101 1316 4153; x_wconf 88' lang='lat' dir='ltr'><strong>nostrum</strong></span> <span class='ocrx_word' id='word_1_337' title='bbox 1344 4090 1801 4207; x_wconf 86' lang='lat' dir='ltr'><strong>presentibus</strong></span> <span class='ocrx_word' id='word_1_338' title='bbox 1843 4097 1949 4151; x_wconf 91' lang='lat' dir='ltr'><strong>est</strong></span> <span class='ocrx_word' id='word_1_339' title='bbox 1989 4108 2398 4170; x_wconf 90' lang='lat' dir='ltr'><strong>appensum.</strong></span> <span class='ocrx_word' id='word_1_340' title='bbox 2491 4087 2655 4152; x_wconf 89' lang='lat' dir='ltr'><strong>Dat.</strong></span> 
     </span>
     <span class='ocr_line' id='line_1_42' title="bbox 333 4172 2652 4259; baseline -0.003 -17"><span class='ocrx_word' id='word_1_341' title='bbox 333 4190 401 4242; x_wconf 92' lang='lat' dir='ltr'><strong>et</strong></span> <span class='ocrx_word' id='word_1_342' title='bbox 450 4189 588 4242; x_wconf 90' lang='lat' dir='ltr'><strong>act.</strong></span> <span class='ocrx_word' id='word_1_343' title='bbox 655 4178 842 4259; x_wconf 91' lang='lat' dir='ltr'><strong>apud</strong></span> <span class='ocrx_word' id='word_1_344' title='bbox 905 4176 1229 4255; x_wconf 86' lang='lat' dir='ltr'><strong>Suwelle‚</strong></span> <span class='ocrx_word' id='word_1_345' title='bbox 1294 4178 1448 4258; x_wconf 84' lang='lat' dir='ltr'><strong>viij⁰</strong></span> <span class='ocrx_word' id='word_1_346' title='bbox 1504 4176 1661 4239; x_wconf 88' lang='lat' dir='ltr'><strong>idus</strong></span> <span class='ocrx_word' id='word_1_347' title='bbox 1712 4175 2004 4258; x_wconf 86' lang='lat' dir='ltr'><strong>Aprilis,</strong></span> <span class='ocrx_word' id='word_1_348' title='bbox 2066 4189 2216 4239; x_wconf 90' lang='lat' dir='ltr'>A..D</span> <span class='ocrx_word' id='word_1_349' title='bbox 2280 4173 2370 4236; x_wconf 64' lang='lat' dir='ltr'><strong>Mc</strong></span> <span class='ocrx_word' id='word_1_350' title='bbox 2381 4172 2504 4237; x_wconf 76' lang='lat' dir='ltr'><strong>cc0</strong></span> <span class='ocrx_word' id='word_1_351' title='bbox 2512 4174 2652 4235; x_wconf 81' lang='lat' dir='ltr'><strong>Lx0</strong></span> 
     </span>
     <span class='ocr_line' id='line_1_43' title="bbox 330 4263 2018 4345; baseline -0.003 -15"><span class='ocrx_word' id='word_1_352' title='bbox 330 4279 600 4342; x_wconf 89' lang='lat' dir='ltr'><strong>octav0‚</strong></span> <span class='ocrx_word' id='word_1_353' title='bbox 636 4275 707 4327; x_wconf 90' lang='lat' dir='ltr'><strong>et</strong></span> <span class='ocrx_word' id='word_1_354' title='bbox 739 4263 1187 4345; x_wconf 91' lang='lat' dir='ltr'><strong>pontificatus</strong></span> <span class='ocrx_word' id='word_1_355' title='bbox 1218 4265 1438 4327; x_wconf 89' lang='lat' dir='ltr'><strong>nostri</strong></span> <span class='ocrx_word' id='word_1_356' title='bbox 1471 4284 1659 4326; x_wconf 92' lang='lat' dir='ltr'><strong>anno</strong></span> <span class='ocrx_word' id='word_1_357' title='bbox 1693 4263 2018 4325; x_wconf 77' lang='lat' dir='ltr'><strong>secundo·</strong></span> 
     </span>
    </p>

    <p class='ocr_par' dir='ltr' id='par_1_4' title="bbox 328 4315 2879 4523">
     <span class='ocr_line' id='line_1_44' title="bbox 417 4315 2879 4433; baseline -0.002 -15"><span class='ocrx_word' id='word_1_358' title='bbox 417 4315 859 4418; x_wconf 90' lang='lat' dir='ltr'>CLXXVII.</span> <span class='ocrx_word' id='word_1_359' title='bbox 961 4356 1143 4432; x_wconf 84' lang='lat'><strong>1267,</strong></span> <span class='ocrx_word' id='word_1_360' title='bbox 1195 4356 1231 4414; x_wconf 89' lang='lat'>8</span> <span class='ocrx_word' id='word_1_361' title='bbox 1295 4352 1450 4414; x_wconf 90' lang='lat' dir='ltr'><strong>idus</strong></span> <span class='ocrx_word' id='word_1_362' title='bbox 1511 4350 1682 4413; x_wconf 89' lang='lat' dir='ltr'><strong>Dee.</strong></span> <span class='ocrx_word' id='word_1_363' title='bbox 1749 4348 1942 4433; x_wconf 86' lang='lat' dir='ltr'><strong>(Dee.</strong></span> <span class='ocrx_word' id='word_1_364' title='bbox 2008 4347 2092 4432; x_wconf 83' lang='lat'><strong>6).</strong></span> <span class='ocrx_word' id='word_1_365' title='bbox 2187 4345 2290 4410; x_wconf 87' lang='lat' dir='ltr'><strong>St.</strong></span> <span class='ocrx_word' id='word_1_366' title='bbox 2334 4347 2592 4409; x_wconf 88' lang='lat' dir='ltr'><strong>Alban’</strong></span> <span class='ocrx_word' id='word_1_367' title='bbox 2601 4368 2879 4423; x_wconf 79' lang='lat' dir='ltr'><strong>S.Fo.23d.</strong></span> 
     </span>
     <span class='ocr_line' id='line_1_45' title="bbox 328 4432 2654 4523; baseline -0.004 -17"><span class='ocrx_word' id='word_1_368' title='bbox 328 4438 823 4506; x_wconf 86' lang='lat' dir='ltr'><strong>Presentation</strong></span> <span class='ocrx_word' id='word_1_369' title='bbox 846 4440 940 4523; x_wconf 91' lang='lat' dir='ltr'><strong>by</strong></span> <span class='ocrx_word' id='word_1_370' title='bbox 954 4439 1218 4522; x_wconf 88' lang='lat' dir='ltr'><strong>Roger,</strong></span> <span class='ocrx_word' id='word_1_371' title='bbox 1233 4439 1449 4501; x_wconf 92' lang='lat' dir='ltr'><strong>abbot</strong></span> <span class='ocrx_word' id='word_1_372' title='bbox 1471 4436 1549 4501; x_wconf 88' lang='lat' dir='ltr'><strong>of</strong></span> <span class='ocrx_word' id='word_1_373' title='bbox 1562 4438 1682 4501; x_wconf 88' lang='lat' dir='ltr'><strong>the</strong></span> <span class='ocrx_word' id='word_1_374' title='bbox 1705 4446 2106 4519; x_wconf 86' lang='lat' dir='ltr'><strong>monastery</strong></span> <span class='ocrx_word' id='word_1_375' title='bbox 2126 4434 2205 4497; x_wconf 94' lang='lat' dir='ltr'><strong>of</strong></span> <span class='ocrx_word' id='word_1_376' title='bbox 2216 4432 2321 4497; x_wconf 85' lang='lat' dir='ltr'><strong>St.</strong></span> <span class='ocrx_word' id='word_1_377' title='bbox 2336 4434 2654 4510; x_wconf 89' lang='lat' dir='ltr'><strong>Alban&#39;s,</strong></span> 
     </span>
    </p>
   </div>
   <div class='ocr_carea' id='block_1_3' title="bbox 813 4544 2204 4609">
    <p class='ocr_par' dir='ltr' id='par_1_5' title="bbox 813 4544 2204 4609">
     <span class='ocr_line' id='line_1_46' title="bbox 813 4544 2204 4609; baseline -0.004 -11"><span class='ocrx_word' id='word_1_378' title='bbox 813 4558 828 4581; x_wconf 82' lang='lat'>¹</span> <span class='ocrx_word' id='word_1_379' title='bbox 850 4547 1040 4598; x_wconf 87' lang='lat' dir='ltr'><strong>Words</strong></span> <span class='ocrx_word' id='word_1_380' title='bbox 1061 4548 1113 4598; x_wconf 89' lang='lat' dir='ltr'><strong>in</strong></span> <span class='ocrx_word' id='word_1_381' title='bbox 1135 4548 1364 4599; x_wconf 85' lang='lat' dir='ltr'><strong>brackets</strong></span> <span class='ocrx_word' id='word_1_382' title='bbox 1385 4547 1548 4598; x_wconf 85' lang='lat' dir='ltr'><strong>added</strong></span> <span class='ocrx_word' id='word_1_383' title='bbox 1572 4554 1624 4596; x_wconf 87' lang='lat' dir='ltr'><strong>at</strong></span> <span class='ocrx_word' id='word_1_384' title='bbox 1648 4546 1845 4595; x_wconf 89' lang='lat' dir='ltr'><strong>bottom</strong></span> <span class='ocrx_word' id='word_1_385' title='bbox 1869 4545 1928 4593; x_wconf 92' lang='lat' dir='ltr'><strong>os</strong></span> <span class='ocrx_word' id='word_1_386' title='bbox 1953 4544 2038 4594; x_wconf 82' lang='lat' dir='ltr'><strong>the</strong></span> <span class='ocrx_word' id='word_1_387' title='bbox 2060 4559 2204 4609; x_wconf 83' lang='lat' dir='ltr'><strong>page.</strong></span> 
     </span>
    </p>
   </div>
  </div>
 </body>
</html>
