3187 5105
148 3014 340 3055 Articles
358 3021 404 3055 to

147 3065 202 3104 bo.
219 3066 417 3116 inquii-ed

148 3117 240 3155 into
258 3122 308 3156 at
325 3129 353 3156 a

149 3167 370 3206 visitation
391 3165 441 3206 os

150 3216 310 3256 Rolton

149 3266 311 3317 l‘riory.

146 3819 221 3859 Fo.
247 3819 359 3867 132d.

488 501 608 558 302
704 495 850 542 THE
884 496 1258 546 REGISTER
1284 497 1378 546 OF
1410 496 1898 546 ARCHBISHOP
1929 496 2255 546 WALTER
2287 497 2644 550 GIFFARD.

483 654 767 716 alterius
842 656 1200 718 constituti
1282 658 1371 719 ab
1444 656 1598 738 ipso
1660 656 1944 719 domino
2017 657 2385 720 Lodowico
2448 658 2595 720 sive
2651 657 2814 739 ipso

483 752 945 821 procuratore,
1003 743 1154 803 sine
1217 762 1427 805 onere
1474 744 1852 826 juramenti
1895 756 1966 807 et
2019 745 2306 807 alterius
2367 744 2812 825 probationis

475 826 672 907 juris,
766 827 913 890 Nos
944 848 1107 891 vero
1139 847 1605 911 agnoscemus
1637 830 1873 893 omnia
1904 850 2117 893 onera
2157 831 2530 902 ordinaria.
2565 832 2809 894 debita

481 924 549 975 et
624 926 998 988 consueta;
1077 917 1633 980 extraordinaria
1708 936 1893 990 ver0,
1988 918 2045 980 si
2140 938 2280 1000 qua
2371 918 2804 993 emerserint,

482 1001 1008 1064 sustinebantur
1035 1003 1123 1065 de
1152 1000 1373 1078 firma,
1410 1013 1477 1066 et
1511 1004 1580 1067 in
1618 1005 1964 1066 solutione
2016 1002 2235 1067 firmae
2289 1005 2801 1067 allocabuntur.

484 1086 618 1149 Pro
663 1088 995 1169 predictis
1050 1090 1548 1154 inviolabiliter
1598 1092 2054 1153 observandis
2108 1092 2507 1173 obligamus
2552 1112 2683 1154 nos
2733 1106 2803 1154 et

480 1174 845 1237 ecclesiam
923 1187 1255 1252 nostram,
1310 1188 1394 1239 'et
1470 1178 1706 1239 omnia
1797 1181 1983 1241 bona
2044 1189 2304 1254 nostra,
2377 1179 2669 1241 mobilia
2731 1192 2800 1241 et

481 1260 887 1335 immobilia,
922 1265 1275 1344 presentia
1317 1277 1385 1326 et
1416 1263 1648 1327 futura
1676 1289 1690 1338 ;
1742 1274 1811 1327 et
1854 1264 2329 1328 submittimus
2361 1285 2490 1327 nos
2514 1278 2581 1328 et
2613 1267 2802 1328 bona

481 1357 716 1411 nostra
765 1368 855 1410 ex
893 1369 1097 1423 nune,
1150 1351 1218 1412 in
1259 1353 1586 1414 omnibus
1640 1364 1708 1413 et
1760 1351 2059 1433 singulis
2101 1351 2539 1433 supradictiS,
2590 1353 2801 1434 juris-

479 1435 763 1497 dictioni
798 1436 1167 1518 cujuslibet
1193 1438 1448 1519 judicis
1502 1458 1707 1520 quem
1764 1438 1991 1501 dictus
2023 1439 2347 1501 dominus
2381 1439 2796 1502 Lodowicus

481 1522 587 1582 vel
661 1522 809 1603 ejus
886 1533 1290 1604 procurator
1341 1525 1617 1587 duxerit
1671 1525 2098 1607 eligendum,
2163 1536 2257 1602 ut,
2311 1527 2365 1588 si
2424 1527 2493 1588 in
2557 1526 2799 1606 aliquo

480 1609 944 1689 predictorum
997 1609 1468 1686 defecerimus,
1524 1612 1748 1693 possit
1803 1632 1931 1674 nos
1982 1613 2401 1694 compellere
2453 1632 2580 1694 per
2633 1632 2798 1675 cen-

480 1715 710 1757 suram
743 1697 1285 1760 ecclesiasticam
1333 1719 1551 1781 usque
1607 1699 1696 1761 ad
1747 1698 2295 1762 satisfactionem
2347 1700 2797 1781 condignam.

481 1782 670 1844 Sane
724 1783 792 1844 in
838 1785 1197 1864 premissis
1244 1786 1568 1848 omnibus
1620 1796 1687 1848 et
1742 1786 2042 1867 singulis
2091 1806 2216 1868 pro
2263 1785 2467 1848 nobis
2512 1797 2581 1848 et
2643 1807 2800 1849 suc·

478 1870 870 1932 cessoribus
903 1872 1158 1933 nostris
1191 1872 1682 1935 renunciamus
1712 1873 1940 1934 omnis
1967 1873 2143 1954 juris
2175 1873 2440 1935 auxilio
2475 1873 2799 1935 canonici

478 1964 546 2017 et
592 1956 840 2030 civilis,
908 1958 1368 2040 indulgentiis
1417 1970 1485 2021 et
1537 1959 1930 2041 privilegiis
1993 1979 2152 2042 quae
2199 1960 2403 2022 nobis
2464 1961 2802 2041 prodesse

478 2052 763 2124 possent
825 2056 895 2106 et
956 2044 1109 2126 ipso
1171 2046 1454 2108 domino
1517 2046 1886 2109 Lodowico
1947 2047 2217 2123 obesse,
2267 2058 2334 2109 et
2398 2046 2801 2127 specialiter

479 2130 954 2193 constitutioni
1007 2134 1093 2194 de
1146 2134 1417 2195 duabus
1478 2133 1684 2195 dietis
1726 2133 1933 2195 editae
1984 2132 2054 2195 in
2107 2133 2401 2195 concilio
2458 2134 2797 2214 generali.

480 2218 557 2278 si
583 2238 748 2279 vero
772 2229 931 2300 post
956 2220 1343 2301 predictum
1364 2220 1742 2283 triennium
1768 2220 1995 2282 dictus
2016 2220 2340 2283 dominus
2361 2220 2802 2293 LudowicuS,

478 2306 586 2367 vel
621 2306 769 2386 eJus
815 2317 1241 2387 procurator,
1290 2307 1551 2370 fructus
1583 2318 1652 2369 et
1694 2307 2003 2369 decimas
2055 2307 2262 2369 dictae
2310 2307 2652 2388 portionis
2707 2309 2800 2368 ad

478 2411 725 2453 manus
781 2412 944 2455 suas
1006 2394 1348 2456 voluerint
1402 2393 1700 2456 retinere
1747 2395 1857 2456 vel
1911 2394 2067 2456 aliis
2130 2394 2219 2456 ad
2279 2390 2552 2455 firmam
2608 2395 2798 2468 dare,

477 2478 713 2541 licebit
757 2480 880 2554 eiS,
940 2481 1205 2564 absque
1252 2492 1491 2543 nostra
1540 2479 2111 2556 contradictione,
2146 2491 2351 2563 prout
2397 2480 2502 2542 eis
2548 2481 2799 2543 melius

478 2566 824 2630 videbitur
855 2568 1205 2649 expedire.
1301 2569 1382 2631 In
1417 2570 1614 2652 cujus
1644 2569 1745 2631 rei
1775 2578 1932 2632 test.
1969 2568 2108 2630 duo
2134 2568 2598 2630 instrumenta
2632 2581 2794 2631 sunt

479 2653 639 2714 inde
730 2656 816 2717 ad
910 2656 1193 2718 modum
1282 2656 1703 2739 cyrographi
1780 2653 2131 2726 confecta;
2212 2674 2503 2736 quorum
2582 2675 2796 2717 unum

479 2739 862 2822 sigillatum
919 2755 1159 2805 nostro
1213 2743 1449 2825 sigillo
1480 2743 1736 2808 residet
1789 2761 2006 2823 penes
2056 2742 2317 2804 dictum
2374 2741 2797 2818 Conradum,

478 2841 1014 2908 procuratorem,
1040 2841 1109 2892 et
1134 2831 1324 2893 aliud
1350 2849 1564 2912 penes
1583 2850 1732 2906 nOS,
1750 2829 1986 2911 sigillo
2010 2827 2302 2910 predicti
2327 2830 2798 2910 procuratoris

479 2914 736 2977 residet
769 2917 1177 2998 sigillatum.

567 3000 1009 3067 DCCCCIII.
1079 3025 1112 3082 3
1147 3005 1287 3067 kal.
1325 3004 1503 3079 Oct„
1537 3023 1724 3066 anno
1741 3013 1817 3082 ⁸9,
1854 3000 2072 3086 (Sept.
2114 3022 2216 3080 29,
2259 3001 2468 3085 1275).
2537 3000 2794 3064 Ottele.

480 3087 619 3162 W„
682 3100 835 3166 etc.,
886 3091 1160 3154 dilectis
1215 3092 1285 3154 in
1350 3092 1577 3155 Cristo
1637 3088 1823 3162 filiis,
1880 3088 2092 3170 priori
2155 3097 2224 3151 et
2273 3089 2648 3151 conventui
2710 3091 2799 3150 de

480 3175 784 3238 Boulton
835 3176 903 3239 in
962 3176 1295 3252 Cravene,
1331 3179 1651 3252 salutem,
1684 3189 1814 3239 etc.
1908 3174 2090 3257 Quia
2137 3175 2567 3238 intendimus
2606 3185 2676 3237 et
2708 3195 2796 3237 ex

479 3281 711 3340 causa,
747 3264 1053 3326 Domino
1084 3265 1520 3346 disponente,
1557 3264 1762 3326 nonis
1796 3262 2122 3327 Octobris
2156 3260 2335 3346 (Oct.
2375 3262 2435 3342 7)
2485 3272 2792 3325 vestrum

477 3350 724 3411 tamin
774 3352 1002 3432 capite
1057 3372 1265 3433 quam
1315 3353 1383 3415 in
1435 3349 1765 3413 membris
1812 3349 2309 3412 monasterium
2356 3348 2663 3426 visitare,
2721 3360 2792 3411 et

476 3455 683 3518 super
713 3438 1132 3519 quibusdam
1183 3438 1494 3501 articulis
1527 3439 1892 3519 inquirere,
1949 3456 2031 3500 ac
2090 3436 2383 3499 ulterius
2436 3435 2662 3498 facere
2712 3448 2791 3499 ut

468 3523 583 3604 jus
644 3524 793 3598 erit,
840 3526 1041 3588 vobis
1104 3527 1537 3602 mandamuS,
1588 3522 1878 3586 firmiter
1930 3523 2400 3606 injungenteS‚
2463 3523 2795 3604 quatinus

474 3630 716 3673 omnes
747 3613 1253 3675 concanonicos
1300 3622 1566 3676 vestros
1597 3623 1669 3674 et
1698 3630 2069 3675 conversos
2100 3610 2373 3673 faciatis
2405 3610 2790 3691 premissiS,

475 3708 550 3759 ut
582 3700 929 3773 convenit,
958 3699 1313 3764 interesse.

565 3785 874 3848 Intendit
906 3787 1231 3850 dominus
1262 3786 1827 3868 archiepiscopus
1860 3783 2207 3866 inquirere
2238 3803 2329 3846 an
2385 3783 2791 3846 Willelmus

478 3870 669 3955 Hog,
701 3873 890 3955 prior
919 3875 1006 3935 de
1037 3874 1366 3950 Boulton,
1400 3874 1771 3955 conjurans
1813 3882 1934 3935 aut
1973 3870 2386 3952 conspirans
2416 3868 2641 3945 fuerit,
2674 3872 2789 3932 vel

474 3958 810 4022 factiones
863 3980 1291 4042 componens
1344 3961 1618 4044 aliquas
1673 3959 1807 4041 ipsi
1859 3957 2405 4039 archiepiscopo,
2460 3967 2580 4020 aut
2630 3957 2794 4020 aliis

474 4047 779 4110 omnino.

563 4134 739 4197 Item
773 4135 1072 4199 intendit
1104 4134 1450 4219 inquirere
1478 4133 1597 4217 qui
1632 4133 1773 4196 sint
1797 4131 2313 4195 consentientes
2338 4131 2523 4193 dicto
2549 4129 2792 4212 priori,

475 4221 544 4283 in
579 4223 1174 4305 conjurationibus
1205 4234 1275 4285 et
1306 4220 1940 4302 conspirationibus
1972 4218 2397 4281 memoratis,

561 4308 738 4371 Item
764 4329 853 4373 an
877 4310 1104 4373 dictus
1125 4310 1313 4392 prior
1336 4319 1494 4390 post
1515 4308 2045 4389 suspensionem
2072 4325 2269 4368 suam
2292 4305 2363 4368 in
2391 4305 2794 4390 (tempora-)

473 4396 657 4458 libus
680 4407 748 4459 et
773 4396 1253 4477 spiritualibus
1285 4394 1782 4457 ministraverit
1813 4412 2092 4475 quoquo
2124 4393 2353 4457 modo,

561 4482 734 4544 Item
798 4504 887 4545 an
950 4484 1140 4566 prior
1196 4484 1430 4546 fecerit
1492 4482 1775 4562 aliquod
1840 4482 2373 4542 instrumentum
2433 4481 2798 4544 communi
