3187 5105
115 608 209 647 Tho
227 608 377 648 archb.

118 663 163 698 to
183 658 256 699 the
274 660 393 709 prior

457 438 568 512 184
662 451 810 499 THE
842 451 1218 502 REGISTER
1252 453 1346 500 OF
1379 452 1865 502 ARCHBISHOP
1889 451 2214 502 WALTER
2247 453 2599 502 GIFFARD.

537 610 926 674 DCLXVI.
1022 610 1164 699 [No
1191 610 1389 698 date}
1469 613 1606 675 Pro
1639 622 1961 695 apostata
1993 613 2376 695 penitenti.¹
2436 613 2576 688 W.,
2610 622 2763 690 etc„

115 707 165 747 of
182 710 329 759 Fe¹¹ey
348 723 402 749 on
450 697 723 760 dilectis
748 699 819 759 in
856 699 1103 776 Crist0,
1128 699 1292 762 filiis
1316 700 1529 782 priori
1555 710 1622 761 et
1653 701 2024 763 conventui
2050 702 2135 763 de
2162 701 2417 777 Fellee‚
2445 701 2763 775 salutem,

116 758 270 800 behalf
283 759 331 801 of

117 809 270 860 Ralph

119 860 272 910 Bai-ry.
293 874 350 901 an

118 916 323 1003 effi?

451 796 579 849 ete.
673 786 1100 848 Miserabilis
1148 798 1216 849 et
1278 788 1709 869 deploranda
1772 788 2247 869 conquestio²‚
2292 808 2379 849 ex
2426 797 2624 868 parte
2671 787 2763 848 R.

452 872 674 947 Barri‚
699 873 1063 936 confratris
1087 875 1573 951 vestri,delata
1597 874 1820 947 nobis,
1836 884 2073 937 nostra
2094 875 2467 938 commovit
2478 874 2765 949 viscera,

451 972 520 1019 et
552 960 641 1021 ad
671 960 803 1022 hoc
837 959 1206 1023 efficaciter
1237 982 1365 1023 nos
1399 962 1694 1035 induxit,
1728 971 1822 1039 ut,
1858 963 1944 1023 de
1981 963 2201 1043 ipsius
2233 964 2456 1025 salute
2491 961 2764 1036 soliciti,

451 1046 912 1127 perditionem
955 1048 1105 1129 ejus
1145 1050 1348 1111 vobis
1395 1051 1481 1112 de
1531 1060 1760 1111 cetero
1802 1050 2246 1129 imputemuS,
2292 1050 2425 1111 nisi
2471 1050 2764 1111 salutem

452 1133 671 1214 ipsius
690 1134 996 1197 fraterna
1016 1136 1304 1197 caritate
1325 1157 1479 1198 cum
1507 1136 1954 1198 exactissima
1974 1136 2342 1219 diligentia
2361 1136 2763 1219 procuretis,

450 1220 706 1283 Verum
780 1233 886 1284 est
947 1243 1072 1285 nec
1144 1221 1426 1285 infitiari
1495 1233 1746 1305 potest,
1795 1224 1980 1305 quod
2045 1224 2113 1285 in
2184 1225 2477 1287 ecclesia
2536 1233 2768 1286 vestra

450 1309 812 1391 religionis
842 1310 1161 1372 habitum
1197 1331 1479 1372 sumens
1509 1312 1864 1372 vinculum
1897 1309 2348 1391 professionis
2381 1310 2632 1379 emisit,
2661 1320 2765 1372 set

449 1399 732 1458 tandem
770 1417 811 1458 a
845 1398 1227 1459 stabilitate
1252 1418 1461 1479 quam
1489 1398 1901 1480 promiserat
1922 1395 2337 1484 dampna[bi
2358 1395 2427 1483 lli
2453 1397 2769 1459 resiliens

450 1485 755 1558 levitate,
791 1486 876 1546 de
917 1487 1066 1547 celo
1110 1487 1199 1546 ad
1242 1496 1517 1562 terram,
1562 1487 1648 1547 de
1700 1485 1982 1547 claustri
2035 1486 2426 1562 honestate,
2477 1483 2767 1565 antiquo

451 1572 652 1632 hoste
673 1571 1078 1653 instigante,
1104 1573 1442 1634 revolavit
1468 1574 1556 1634 ad
1590 1574 1921 1646 seculum,
1944 1573 2249 1653 peccatis
2270 1571 2773 1653 multiplicibus

454 1659 826 1720 involutus.
921 1659 1244 1721 Ceterum
1289 1659 1834 1721 misericordiam
1877 1680 2086 1740 quam
2138 1659 2481 1743 regularis
2535 1659 2772 1720 obser-

454 1746 713 1807 vantiae
791 1746 1144 1808 institutor
1217 1747 1306 1808 ad
1390 1746 1770 1808 ternarium
1854 1747 2262 1822 choartavit,
2345 1745 2774 1826 evangelicae

458 1834 917 1895 mansuetudo
951 1833 1198 1914 gratiae
1242 1834 1724 1914 septuagesies
1774 1833 2032 1914 septies
2067 1832 2453 1914 ampliavit,
2489 1834 2663 1894 adeo
2697 1844 2773 1893 ut

459 1931 803 1982 errantem
867 1940 1065 1982 ovem
1129 1931 1202 1982 ut
1271 1922 1509 1982 redeat
1557 1940 1694 1982 non
1765 1930 2110 2002 expectat,
2175 1920 2341 2001 quin
2390 1919 2622 2000 potius
2684 1938 2774 1979 ex

456 2007 895 2069 habundanti
966 2007 1460 2080 misericordia,
1525 2019 1602 2070 ut
1664 2007 1732 2069 in
1796 2007 2185 2069 dulcedinis
2240 2027 2384 2069 suae
2448 2005 2774 2069 benedic—

458 2095 768 2156 tionibus
802 2094 1182 2174 preveniat,
1216 2114 1371 2156 eam
1399 2095 1600 2175 jubet
1619 2114 1904 2175 querere
1928 2114 2011 2157 ac
2038 2094 2461 2157 salutaribus
2493 2092 2777 2154 monitis

462 2182 551 2243 ab
604 2201 832 2243 errore
882 2194 951 2243 et
1001 2182 1188 2242 invio
1252 2182 1340 2243 ad
1401 2186 1564 2243 vitae
1627 2182 1945 2243 semitam
2000 2201 2344 2245 revocare.
2439 2180 2629 2243 Sane
2688 2180 2776 2240 ad

460 2269 722 2331 laboris
753 2269 1244 2349 compendium
1278 2269 1478 2331 vobis
1511 2268 1715 2344 cedit,
1749 2270 1937 2350 quod
1987 2269 2260 2350 regredi
2293 2267 2556 2343 nititur,
2590 2266 2775 2348 quod

462 2356 552 2417 ad
579 2356 867 2436 januam
903 2357 1155 2436 pulsat,
1202 2358 1387 2436 quod
1437 2357 1687 2418 devote
1721 2369 1789 2418 et
1831 2356 2186 2418 humiliter
2233 2354 2779 2417 misericordiam

464 2444 794 2522 postulat,
828 2444 1012 2523 quod
1070 2462 1270 2504 suum
1326 2442 1693 2506 confitetur
1746 2454 2035 2519 reatum,
2092 2443 2277 2523 quod
2332 2442 2522 2503 omni
2574 2440 2778 2502 satis-

463 2529 747 2593 factioni
826 2531 1203 2592 secundum
1284 2532 1677 2613 regularem
1760 2530 2277 2593 observantiam
2353 2529 2631 2591 votivus
2706 2547 2780 2589 se

465 2617 832 2692 submittit,
855 2628 922 2679 et
943 2617 1282 2698 judicium
1308 2618 1771 2698 disciplinalis
1797 2618 2217 2680 obedientiae
2242 2639 2284 2680 a
2306 2614 2779 2679 misericordia

466 2725 600 2767 non
660 2706 999 2776 excludit;
1066 2706 1360 2785 ideoque
1423 2706 1624 2767 vobis
1697 2706 2113 2768 mandamus
2170 2704 2521 2785 quatinus,
2580 2703 2636 2764 si
2693 2703 2778 2764 de

464 2791 878 2868 commissis,
912 2805 988 2854 ut
1032 2793 1291 2854 dictum
1326 2804 1451 2863 est,
1487 2793 1740 2854 devota
1782 2792 2128 2872 parientia
2161 2790 2676 2853 satisfacturum
2712 2809 2785 2850 se

465 2878 708 2941 offerat
742 2881 1120 2940 secundum
1154 2879 1669 2941 observantiam
1697 2881 2113 2960 regularem,
2140 2879 2367 2959 ipsum
2396 2876 2783 2939 admittatis

465 2966 754 3028 comiter
786 2966 1037 3028 conciti
1082 2978 1149 3027 et
1191 2977 1489 3029 tractare
1539 2965 1844 3028 fraterna
1893 2966 2183 3028 caritate
2227 2965 2609 3037 studeatis;
2657 2983 2785 3025 nec

468 3054 912 3134 precludatur
953 3054 1013 3114 ei
1060 3054 1253 3114 sinus
1297 3052 1790 3115 misericordiae
1832 3073 1919 3114 ne
1962 3055 2303 3133 desperet,
2349 3072 2505 3114 curn
2559 3051 2785 3132 majus

469 3141 804 3222 gaudium
833 3142 921 3202 sit
954 3140 1228 3221 angelis
1252 3160 1458 3220 super
1479 3159 1617 3202 uno
1642 3151 2005 3221 peccatore
2026 3139 2484 3221 penitentiam
2507 3147 2783 3220 agente,

470 3247 679 3309 quam
713 3227 829 3309 qui
870 3247 1007 3289 non
1043 3227 1392 3309 indigent³
1436 3228 1823 3307 penitentia
1872 3246 2079 3308 super
2112 3228 2500 3308 nonaginta
2531 3245 2782 3287 novem

464 3315 712 3396 justis;
762 3315 1202 3377 attendentes
1241 3316 1426 3396 quod
1476 3315 2020 3376 misericordiam
2070 3326 2137 3376 et
2185 3333 2324 3375 non
2374 3311 2787 3375 sacrificium

472 3400 752 3463 affectat
827 3402 1197 3464 clementia
1292 3401 1700 3478 SalvatoriS,
1803 3421 1930 3463 nec
2022 3400 2407 3481 peccatoris
2495 3410 2787 3461 mortem

473 3489 843 3562 desiderat,
879 3499 982 3551 set
1016 3489 1246 3570 potius
1268 3500 1342 3551 ut
1375 3500 1817 3551 convertatur
1848 3499 1915 3550 et
1939 3488 2147 3550 vivat.
2199 3488 2547 3549 Memores
2579 3486 2793 3567 igitur

474 3576 966 3638 misericordiae
1048 3596 1254 3656 quam
1334 3596 1459 3657 pro
1534 3575 1678 3638 filio
1776 3576 2145 3637 revertenti
2222 3575 2518 3657 prodigo
2594 3582 2793 3655 pater

475 3663 943 3744 ewangelicus
974 3664 1231 3743 legitur
1263 3663 1709 3744 impendisse,
1732 3682 2126 3744 regressum
2159 3659 2523 3741 confratris
2556 3660 2789 3736 vestri,

475 3751 672 3811 salva
704 3749 968 3812 ordinis
1000 3750 1394 3831 disciplina,
1439 3746 1804 3832 gratanter
1842 3748 2233 3812 admittatis
2284 3749 2351 3811 in
2405 3748 2789 3811 visceribus

475 3837 808 3899 caritatis.

565 3949 992 4013 DCLXVII.
1087 3970 1124 4025 4
1155 3949 1296 4011 kal.
1334 3950 1572 4011 Martii
1608 3949 1799 4029 (Feb.
1841 3951 1965 4031 20),
2013 3953 2268 4027 1206-7.
2343 3948 2787 4028 Cambridge.

478 4038 989 4119 Appointment
1044 4038 1137 4118 by
1193 4037 1458 4098 Master
1505 4035 1587 4099 G.
1639 4035 1927 4109 Giffard,
1987 4037 2419 4097 archdeacon
2471 4033 2548 4096 of
2590 4034 2796 4096 War-

478 4126 676 4200 wick‚
711 4124 789 4187 of
810 4125 1041 4186 Adam
1077 4125 1163 4185 de
1196 4123 1686 4199 Wrenthorne,
1720 4124 1877 4195 clk.,
1905 4145 1983 4184 as
2003 4124 2112 4184 his
2133 4133 2408 4203 proctor
2434 4135 2504 4184 to
2529 4121 2797 4183 receive

480 4213 549 4273 in
582 4213 692 4274 his
731 4231 935 4274 name
969 4231 1106 4293 any
1139 4211 1635 4273 ecclesiastica]
1671 4209 2017 4272 benefices
2067 4229 2145 4272 or
2191 4208 2525 4291 dignities
2570 4208 2796 4270 which

548 4359 559 4381 ¹
586 4348 823 4407 Heading
861 4348 910 4394 in
944 4362 972 4394 a
1004 4345 1232 4393 different
1275 4346 1427 4395 hand.
1498 4348 1587 4394 An
1688 4345 2063 4409 sumablysome
2082 4361 2220 4409 years
2239 4344 2363 4393 later
2379 4345 2800 4408 (Nos.912,916).

480 4414 858 4475 unsatisfactory
895 4419 1102 4460 account
1139 4412 1181 4458 is
1218 4412 1362 4471 given
1399 4412 1458 4460 os
1488 4412 1587 4459 this
1749 4421 1770 4443 2
1797 4412 2168 4474 Conquestione.

481 4486 709 4542 apostate
755 4476 930 4540 Ralph
977 4477 1133 4539 Barry
1191 4476 1239 4523 in
1294 4478 1430 4538 1256,
1479 4492 1585 4541 pre·
1750 4476 2009 4541 sludtgret.
