3187 5105
493 503 613 561 150
702 496 851 545 THE
882 496 1257 545 REGISTER
1282 497 1377 546 OF
1406 496 1893 546 ARCHBISHOP
1922 496 2249 543 WALTER
2281 496 2632 545 GIFFARD.

487 667 966 737 prosequatur.
1061 656 1234 719 Cum
1304 658 1537 737 itaque
1624 658 1805 718 lator
1872 657 2297 738 presentium
2392 658 2798 720 mandatum

487 752 792 805 vestrum
850 764 1057 825 super
1106 743 1516 824 repetitione
1578 743 1767 805 illius
1828 764 2038 825 quam
2100 764 2143 806 a
2189 743 2393 806 nobis
2455 744 2803 825 petebatis

487 830 802 910 pecuniae
848 830 1260 911 quantitatis
1309 850 1381 892 se
1436 830 1811 911 diligenter
1870 830 2188 892 exhibuit
2249 831 2664 893 industrium
2733 839 2801 892 et

486 916 786 991 fidelem,
821 917 1049 998 ipsum
1084 918 1280 979 vobis
1312 918 1957 979 recommendamus
1989 918 2407 999 propensius
2433 928 2501 980 et
2528 938 2570 980 a
2600 918 2802 980 vobis

488 1024 577 1065 ex
651 1001 841 1066 fideli
926 1003 1263 1103 obsequio
1351 1003 1747 1085 appetimus
1840 1004 2214 1104 plurimum
2309 1005 2800 1067 commendari.

489 1090 833 1163 Ceterum,
883 1090 1212 1171 quoniam
1260 1092 1628 1181 pecuniam
1679 1091 1926 1172 ipsam,
1977 1100 2046 1153 et
2108 1091 2316 1153 etiam
2367 1092 2797 1172 ampliorem,

485 1178 686 1240 vobis
719 1198 939 1259 nuper
971 1177 1285 1239 misimus
1318 1198 1442 1260 per
1474 1179 1885 1260 magistrum
1922 1176 2028 1255 G,
2058 1178 2531 1241 subdecanum
2568 1178 2775 1241 Ebor.
2761 1225 2800 1253 .,

486 1275 1001 1346 procuratorem
1080 1274 1414 1343 nostrum,
1491 1267 1581 1327 ad
1657 1227 2035 1347 petendurri
2111 1266 2404 1346 pallium
2482 1266 2552 1326 in
2615 1264 2804 1327 curia

492 1352 819 1413 Romana
883 1361 952 1413 et
1027 1352 1168 1414 alia
1214 1373 1370 1433 quae
1436 1352 1639 1414 nobis
1709 1352 2119 1414 incumbunt
2179 1351 2596 1428 faciendum,
2658 1372 2795 1414 non

488 1439 844 1520 imputetis
877 1447 892 1469 ¹
935 1440 1363 1519 procuratori
1412 1449 1645 1501 vestro
1707 1441 1891 1519 quod
1961 1440 2326 1520 pecuniam
2402 1439 2799 1521 hujusmodi

490 1546 629 1587 non
675 1526 954 1607 recepit,
1006 1525 1123 1606 qui
1181 1526 1252 1587 in
1304 1527 1496 1588 nullo
1551 1527 1922 1608 negligens
1984 1526 2217 1595 extitit
2272 1527 2380 1588 vel
2443 1526 2798 1588 remissus.

492 1612 681 1675 Sane
722 1614 888 1694 quia
936 1613 1135 1674 vobis
1191 1614 1531 1694 prolixius
1586 1614 1991 1694 scripsimus
2043 1609 2228 1698 [per]
2281 1625 2799 1694 procuratorem

490 1709 801 1762 nostrum
916 1700 1365 1775 antedictum,
1476 1721 1682 1780 quem
1791 1699 1881 1762 ad
1992 1699 2436 1781 paternitatis
2552 1709 2803 1762 vestrae

490 1786 932 1848 clementiam
1013 1787 1408 1867 specialiter
1456 1788 1793 1859 misimuS,
1857 1787 1944 1848 de
2019 1798 2250 1849 vestra
2327 1787 2801 1849 benivolentia

490 1873 918 1955 singularem
950 1873 1272 1935 fiduciam
1307 1884 1764 1954 reportante5‚
1793 1875 1883 1935 ad
1916 1894 2201 1954 presens
2221 1875 2421 1936 vobis
2443 1874 2801 1936 abreviato

489 1971 558 2022 et
613 1961 805 2022 stilo²
859 1961 1225 2023 scribimus
1286 1962 1714 2030 circumciso,
1772 1961 2004 2022 votive
2045 1972 2379 2041 quantum
2427 1961 2804 2024 sufficimus

491 2048 966 2128 supplicantes
1044 2047 1376 2129 quatinus
1440 2048 1865 2133 procuratori
1943 2058 2199 2124 nostro,
2280 2069 2436 2110 cum
2514 2049 2603 2110 ad
2676 2069 2803 2110 vos

488 2133 903 2197 fiducialiter
977 2136 1345 2197 accesserit
1413 2154 1539 2215 pro
1603 2135 1858 2196 nostris
1921 2135 2222 2215 negotiis
2284 2136 2797 2216 promovendiS,

488 2221 713 2282 eidem
761 2242 850 2284 ex
903 2222 1337 2303 benignitate
1393 2222 1602 2283 solita
1654 2231 1904 2283 vestrae
1954 2221 2375 2284 sinceritatis
2435 2223 2800 2285 consilium

490 2309 855 2389 providum
889 2318 957 2371 et
988 2308 1369 2391 presidium
1404 2308 1653 2371 efficax
1684 2308 2125 2389 impendatis
2219 2308 2556 2386 valeatis,
2583 2320 2711 2371 etc.

160 2447 238 2489 ro.
257 2448 393 2499 ⁶4·⁶⁶·
578 2431 1182 2494 Archidz'aconatus
1230 2420 1593 2496 DVellenszk.

158 2649 238 2690 Fo.
257 2649 352 2691 66d.
1033 2621 1485 2686 DIOCESIS
1558 2621 2268 2686 EBORACENSIS.

576 2735 993 2798 DLXXXI.
1096 2757 1163 2798 12
1217 2737 1357 2798 kal.
1422 2735 1661 2797 Martii
1717 2735 1907 2816 (Feb.
1975 2735 2094 2813 18),
2173 2739 2430 2814 1266-7.
2524 2735 2798 2817 “Apud

490 2821 829 2886 Sanctum
864 2824 1377 2888 Edmundum.”
1472 2823 1876 2885 Committal
1907 2833 1979 2885 to
2032 2823 2275 2903 Roger
2306 2823 2392 2884 de
2426 2822 2696 2885 Saxton
2729 2822 2809 2885 of

488 2911 608 2972 the
655 2917 957 2973 “curam
1029 2911 1461 2991 spiritualem
1532 2911 1602 2971 in
1652 2930 2014 2972 causarum
2065 2910 2603 2991 cognitionibuS,
2651 2930 2799 2971 cor-

490 2998 934 3074 rectionibus,
984 3009 1052 3060 et
1098 2998 1256 3059 aliis
1304 3017 1460 3078 quae
1508 2998 1598 3058 ad
1659 3017 1894 3058 curam
1948 2998 2170 3078 ipsam
2221 3007 2598 3059 noscuntur
2629 3017 2798 3078 quo-

489 3086 870 3147 modolibet
896 3086 1239 3165 pertinere
1264 3084 1300 3106 ’'
1338 3086 1407 3148 in
1440 3085 1558 3146 the
1588 3084 1815 3146 whole
1847 3083 1925 3146 of
1948 3085 2064 3146 the
2096 3085 2351 3167 liberty
2375 3083 2453 3145 of
2468 3083 2797 3145 Hexham

491 3171 508 3238 (
516 3173 577 3231 A
593 3171 1105 3256 ugustaldensy).

156 3272 222 3312 Α
224 3272 319 3312 bb
337 3273 457 3313 ²01³
576 3271 1031 3333 DLXXXII.
1128 3268 1268 3357 [No
1319 3267 1492 3356 date]
1585 3270 1725 3345 W.‚
1789 3280 1942 3348 etc„
2012 3269 2104 3335 R.
2170 3271 2256 3331 de
2319 3267 2612 3344 Samon,
2675 3282 2796 3332 ete.

155 3322 299 3413 oidsri
288 3328 457 3422 righ'im
487 3357 908 3439 Accepimus
951 3359 1137 3439 quod
1192 3357 1497 3455 quidam,
1536 3358 1739 3420 hoste
1787 3357 2073 3419 humani
2126 3357 2403 3437 generis
2455 3354 2796 3419 fallaciter

156 3427 392 3513 ξξῶἶᾈῗζ
486 3445 890 3527 instigante,
969 3444 1143 3506 fines
1219 3445 1536 3525 proprios
1599 3445 2036 3516 excedente5‚
2113 3443 2502 3505 vacationis
2578 3463 2799 3525 nuper

154 3521 267 3611 ,ζξξῗ
256 3536 431 3613 ¹22⁶th
413 3523 857 3594 “ftransaetae
931 3542 1263 3612 tempore,
1342 3531 1687 3593 libertatis
1765 3540 2020 3592 nostrae
2093 3540 2314 3592 terras
2391 3541 2459 3592 et
2534 3549 2797 3610 pascua

152 3622 303 3761 ἓὲᾱῑ
307 3623 406 3713 Mtdh
486 3618 918 3692 invadentes,
970 3637 1089 3679 eas
1138 3638 1473 3699 usurpare
1541 3618 1970 3680 contendunt
2024 3637 2195 3678 ausu
2249 3625 2395 3678 tam
2450 3618 2794 3700 sacrilego

235 3686 406 3772 angcye
367 3723 416 3763 os
485 3714 825 3785 occupata
841 3704 997 3787 (sic).
1036 3703 1376 3785 Quocirca
1400 3705 1601 3767 vobis
1628 3707 2042 3768 mandamus
2067 3703 2417 3785 quatinus,
2447 3704 2503 3766 si
2527 3703 2625 3766 ita
2645 3724 2798 3767 esse

485 3791 975 3872 cognoveritis,
1021 3792 1244 3853 dictos
1287 3792 1768 3854 malefactores
1811 3791 2245 3853 denuncietis
2286 3791 2584 3872 publice,
2629 3792 2801 3853 locis

483 3878 737 3958 quibus
762 3878 1091 3959 expedire
1116 3879 1447 3955 videritiS,
1475 3878 2220 3940 excommunicationis
2247 3877 2610 3940 sententiae
2635 3879 2800 3940 latae

483 3975 725 4026 contra
757 3966 1274 4046 perturbatores
1308 3966 1650 4027 libertatis
1683 3965 2174 4027 ecclesiasticae
2209 3965 2588 4046 subjacere.
2683 3965 2792 4028 De

482 4051 883 4115 nominibus
915 4062 1148 4113 autem
1184 4072 1416 4113 eorum
1451 4053 1706 4134 inquiri
1757 4053 2078 4113 volumus
2111 4062 2179 4113 et
2233 4053 2666 4125 mandamus,
2701 4061 2797 4128 ut,

480 4157 634 4199 cum
720 4139 920 4200 vobis
1018 4148 1185 4200 nota
1281 4137 1553 4215 suerint,
1657 4159 1776 4201 eos
1853 4139 2428 4201 anathematizari
2524 4137 2799 4202 faciatis

479 4225 891 4287 nominatim
912 4251 926 4299 ;
963 4225 1165 4288 nobis
1188 4225 1677 4288 nichilominus
1701 4227 2005 4307 ipsorum
2030 4226 2315 4288 nomina
2339 4226 2798 4288 rescribentes

477 4321 553 4373 ut
576 4332 701 4393 per
723 4313 1116 4394 captionem
1146 4312 1410 4394 regiam
1435 4323 1502 4374 et
1526 4314 1668 4375 alia
1693 4313 1999 4375 remedia
2020 4313 2326 4394 ipsorum
2350 4311 2794 4375 insolentiam

475 4399 959 4480 reprimamus.
1052 4399 1388 4463 Valeatis.

833 4520 848 4541 ¹
876 4509 1034 4570 Quas,
1061 4510 1258 4558 written
1280 4510 1372 4572 q's,
1401 4508 1620 4558 inserted
1641 4507 1775 4557 here.
1925 4519 1946 4542 2
1965 4509 2042 4557 Et
2060 4509 2176 4557 stilo
2195 4507 2449 4573 repeated.

150 3735 260 3813 thea
244 3785 331 3814 see.
