3187 5105
503 557 652 609 THE
681 558 1059 610 REGISTER
1081 556 1177 609 OF
1206 558 1693 610 ARCHBISHOP
1724 559 2050 611 WALTER
2081 560 2431 612 GIFFARD.
2528 568 2646 628 203

291 718 300 726 ”
343 721 753 784 dimiserunt
842 732 911 782 et
981 731 1489 798 concesserunt,
1553 722 1644 784 ad
1733 731 2008 804 tempus
2085 723 2519 805 inspeximus
2587 734 2655 786 et
2684 725 2885 815 wggsth‘}

343 809 768 871 attendimus
810 808 1201 889 diligenter.
1295 808 1407 883 Et,
1434 809 1599 890 quia
1646 808 2043 872 defunctum
2083 811 2456 874 dileximus
2488 811 2652 872 dum
2683 784 2988 885 3¹3,-1{}‡,51'00„-

343 895 645 971 vivebat,
696 905 765 957 et
814 914 942 956 vos
994 895 1251 957 habere
1305 916 1666 975 speramus
1719 916 1844 977 pro
1892 907 2204 979 tempore
2255 898 2653 980 specialem,
2682 890 2863 977 ξῗζῖἶὲῗῖξ
2886 927 2957 965 am

346 983 688 1063 dictisque
722 982 1103 1057 monachi5‚
1139 1002 1264 1063 pro
1297 1002 1378 1043 eo
1410 985 1595 1063 quod
1631 993 1791 1045 sunt
1822 996 2079 1046 nostrae
2112 985 2408 1048 diocesis
2433 995 2500 1047 et
2533 1004 2657 1066 per
2683 941 2994 1068 ξ’(ξζᾞζξῖῖιωΐ

347 1069 669 1132 fortuitos
730 1089 933 1131 casus
993 1069 1198 1131 valde
1251 1069 1585 1150 depressi,
1641 1070 1872 1133 minus
1926 1071 2056 1133 sibi
2122 1071 2469 1134 sufficiunt
2521 1072 2657 1133 hiis

348 1157 616 1230 diebuS‚
661 1155 763 1218 eis
809 1156 1015 1218 valde
1061 1156 1542 1237 compatimur,
1584 1176 1664 1218 ac
1717 1157 1942 1220 modis
1991 1159 2245 1239 quibus
2291 1178 2660 1240 possumus

347 1243 825 1306 desideramus
858 1262 984 1323 pro
1029 1243 1293 1305 viribus
1328 1244 1719 1317 subvenire,
1755 1265 1963 1327 super
2005 1245 2338 1328 ambiguo
2371 1246 2556 1327 quod
2590 1246 2660 1307 in

348 1331 536 1393 dicta
585 1330 817 1392 littera
856 1329 1158 1391 vidimus
1190 1330 1566 1401 contineri;
1613 1350 1905 1406 necnon,
1940 1341 2008 1393 et
2031 1332 2277 1394 honori
2324 1344 2551 1394 vestro
2592 1342 2662 1394 et

347 1417 652 1479 maxime
673 1416 1033 1478 memorati
1054 1415 1358 1478 defuncti
1385 1417 1616 1494 saluti,
1630 1419 1943 1481 volentes
1965 1418 2259 1481 libenter
2280 1421 2660 1494 consulere,

349 1514 417 1567 et
449 1504 635 1586 quod
667 1503 1029 1565 honestius
1060 1502 1264 1565 fuerit
1296 1523 1378 1565 ac
1416 1505 1766 1567 salubrius
1798 1506 2183 1587 providere,
2218 1507 2662 1569 dilectionem

348 1604 651 1654 vestram
686 1610 843 1651 cum
876 1589 1128 1652 affectu
1149 1589 1421 1652 sincero
1454 1591 1781 1654 duximus
1802 1592 2313 1673 requirendam,
2335 1594 2665 1674 quatinus

349 1680 440 1741 ad
473 1678 913 1741 commodum
945 1677 1248 1758 partium
1290 1688 1360 1739 et
1400 1678 1757 1754 honorem,
1792 1699 1919 1759 pro
1953 1679 2310 1741 laboribus
2352 1680 2562 1742 etiam
2596 1691 2665 1741 et

350 1764 678 1847 expensis
711 1764 1239 1845 animarumque
1271 1764 1599 1845 periculis
1631 1766 1998 1840 evitandiS‚
2015 1767 2323 1828 animum
2357 1778 2664 1830 vestrum

351 1852 486 1914 Dei
521 1852 773 1914 intuitu
807 1851 1166 1932 nostrique
1213 1851 1484 1913 consilii
1540 1861 1609 1913 et
1648 1853 1906 1915 amoris
1952 1863 2241 1934 optentu
2289 1853 2668 1917 liberaliter

353 1938 688 2001 inclinare
762 1937 994 2000 velitis
1069 1939 1159 1999 ad
1233 1958 1477 2019 pacem
1552 1948 1652 2015 ut,
1729 1950 2009 2022 recepta
2083 1941 2381 2022 pecunia
2455 1960 2665 2022 quam

350 2025 659 2107 prefatus
704 2035 903 2106 pater
948 2035 1177 2088 vester
1231 2026 1437 2087 solvit
1487 2027 1576 2087 ab
1627 2025 1848 2101 initio,
1910 2036 1980 2088 et
2040 2028 2377 2108 qualitate
2431 2029 2668 2109 aliqua

353 2113 638 2195 insuper
674 2112 1055 2187 moderata,
1105 2121 1377 2175 tantum
1421 2133 1547 2193 pro
1602 2113 1928 2195 dampnis
1988 2124 2056 2176 et
2105 2116 2454 2196 expensiS,
2491 2115 2668 2178 sicut

352 2201 534 2263 inter
563 2221 690 2263 vos
723 2200 978 2281 poterit
1010 2200 1400 2275 convenire,
1436 2200 1659 2262 dictos
1694 2201 2074 2263 monachos
2106 2202 2197 2263 ab
2235 2202 2668 2284 obligatione

352 2297 667 2369 pretacta
697 2286 975 2367 penitus
1020 2287 1389 2349 dimittatis
1435 2287 1728 2368 quietos
1798 2287 2286 2364 AttendenteS,
2321 2290 2379 2351 si
2412 2290 2666 2371 placet,

355 2376 539 2455 quod
592 2375 780 2436 dicta
832 2374 1174 2454 scriptura
1216 2373 1393 2436 solvi
1435 2373 1730 2450 videtur,
1765 2394 1848 2437 eo
1891 2377 2079 2456 quod
2123 2376 2506 2439 successori
2555 2377 2668 2438 vel

354 2461 841 2524 executoribus
882 2481 1004 2523 eos
1046 2480 1184 2522 non
1229 2460 1500 2543 obligat
1532 2462 1641 2522 vel
1690 2463 1949 2538 heredi,
1987 2472 2091 2525 set
2122 2463 2306 2544 patri
2337 2472 2568 2526 vestro
2601 2473 2669 2525 et

355 2550 499 2613 suis
530 2547 921 2624 attornatis,
938 2568 1112 2630 quos
1138 2547 1208 2609 in
1229 2547 1374 2610 vita
1405 2550 1893 2612 tantummodo
1925 2550 2346 2613 constituere
2372 2561 2666 2633 poterat,

354 2647 430 2699 ut
460 2637 754 2699 videtur.
847 2635 1009 2717 Ipse
1042 2636 1250 2697 etiam
1285 2636 1489 2696 bonae
1521 2637 1875 2698 memoriae
1900 2637 2046 2718 jam
2081 2637 2446 2700 defunctus
2478 2640 2669 2701 lucro

356 2745 494 2787 non
547 2724 815 2805 indiget
864 2723 1181 2784 usurario
1256 2725 1440 2803 quod
1493 2723 1722 2785 inesse
1774 2723 2049 2786 videtur
2102 2725 2508 2801 contractui,
2566 2738 2670 2788 set

357 2811 586 2893 magis
687 2809 1223 2873 elemosinarum
1333 2809 1728 2891 largitione,
1840 2811 1975 2892 piis
2075 2812 2671 2876 immolationibus

355 2899 739 2960 hostiarum
790 2906 858 2960 et
889 2897 1044 2958 Deo
1077 2898 1484 2958 devotorum
1517 2897 1841 2978 precibus
1874 2900 2234 2963 relevetur.
2322 2899 2672 2962 Tenemus

355 2985 540 3048 enim
591 2985 776 3066 quod
831 2983 901 3045 in
952 2982 1090 3045 fide
1143 2984 1463 3060 decessit,
1505 2985 1772 3066 luitque
1832 3004 2085 3065 penam
2133 2986 2203 3048 in
2265 2986 2671 3068 purgatorio

359 3092 569 3153 quam
632 3072 862 3133 minus
923 3071 1195 3152 peregit
1250 3069 1317 3132 in
1373 3071 1629 3145 seculo,
1685 3081 1755 3133 et
1806 3070 2064 3133 factum
2113 3083 2420 3135 vestrum
2467 3094 2675 3156 super

358 3159 719 3240 premissis
773 3160 1019 3220 obesse
1062 3157 1216 3233 sibi,
1268 3158 1446 3220 sicut
1498 3168 1567 3220 et
1621 3158 1843 3234 vobiS‚
1899 3159 2154 3239 poterit
2209 3172 2276 3222 et
2318 3161 2670 3242 prodesse.

357 3246 658 3308 Tantum
695 3246 910 3328 igitur
941 3245 1028 3306 ad
1080 3245 1608 3326 suggestionem
1663 3254 1732 3307 et
1783 3265 2024 3327 preces
2056 3258 2417 3328 presentes
2447 3246 2674 3310 facere

360 3333 721 3410 studeatiS,
776 3333 961 3414 quod
1006 3332 1343 3394 honorem
1399 3332 1783 3414 proprium,
1832 3332 2052 3414 patris
2102 3334 2310 3396 vestri
2368 3335 2673 3415 quietem

360 3421 818 3502 meritumque
867 3419 1261 3481 desiderare
1292 3419 1680 3500 prebemini
1714 3422 1899 3500 apud
1933 3419 2184 3497 Deum,
2219 3431 2287 3482 et
2320 3442 2448 3483 nos
2481 3423 2570 3484 ad
2591 3442 2674 3484 ea

357 3529 516 3588 quae
577 3507 958 3589 poterimus
1027 3506 1228 3567 vobis
1310 3507 1755 3587 beneplacita
1832 3506 2227 3587 obligemur
2295 3506 2540 3570 fortius
2601 3509 2673 3572 in

356 3594 684 3658 futurum.
803 3591 986 3675 Quid
1040 3602 1274 3654 autem
1327 3613 1535 3674 super
1617 3593 1977 3674 premissis
2039 3592 2264 3657 facere
2335 3595 2676 3658 duxeritis

359 3683 562 3745 nobis
595 3702 719 3764 per
750 3683 1041 3743 latorem
1073 3680 1500 3760 presentium
1534 3680 1836 3762 petimus
1857 3681 2194 3745 nunciati.
2284 3681 2622 3746 ValeatiS.

444 3768 722 3833 DCCV.
816 3764 960 3854 [No
976 3764 1175 3853 date}
1287 3766 1522 3829 Letter
1551 3768 1727 3830 from
1754 3768 1872 3830 the
1898 3769 2321 3850 archbishop
2343 3780 2414 3831 to
2445 3770 2560 3832 W.
2590 3772 2676 3833 de

361 3855 725 3933 Gevelton,
760 3877 802 3918 a
837 3855 1050 3917 monk
1086 3852 1166 3917 of
1187 3852 1687 3937 Glastonbury,
1723 3854 2102 3936 informing
2132 3856 2276 3917 him
2312 3857 2465 3918 that
2496 3859 2584 3919 he
2616 3858 2676 3919 is

361 3944 618 4006 unable
664 3953 736 4006 to
781 3943 946 4005 take
997 3941 1144 4003 into
1196 3940 1308 4002 his
1357 3941 1621 4003 service
1674 3962 1717 4003 a
1770 3942 1959 4004 clerk
2001 3945 2533 4006 recommended
2582 3946 2678 4028 by

360 4031 528 4106 him,
564 4051 642 4093 as
672 4031 762 4092 he
791 4030 922 4091 has
953 4027 1105 4091 four
1135 4027 1362 4090 clerks
1388 4029 1458 4090 in
1490 4029 1602 4091 his
1637 4029 1898 4090 service
1930 4031 2217 4113 already
2249 4033 2383 4093 and
2419 4044 2676 4095 cannot

359 4118 650 4199 appoint
695 4136 905 4179 more.
999 4112 1417 4200 (Historiam
1458 4112 1542 4197 of
1578 4112 1687 4177 tlte
1736 4113 2002 4178 Clzurclz
2053 4114 2137 4199 of
2188 4117 2368 4180 York
2421 4118 2676 4201 (Roll’s

362 4203 641 4288 Series),
677 4203 796 4279 iii.,
840 4202 1004 4287 189).

443 4289 698 4356 Blank.
2704 4283 2868 4332 F⁰·⁹⁶·

446 4377 760 4442 DCCVI.
851 4377 1021 4454 Nos,
1055 4375 1413 4439 Walterus
1480 4372 1758 4477 [Gray],
1808 4386 1960 4454 etc.,
2009 4379 2098 4439 ad
2166 4378 2550 4459 prioratum
2600 4379 2672 4445 S.
2706 4382 2898 4434 F0·9⁶‘³·

361 4465 672 4530 Oswaldi
688 4464 1102 4540 Gloverniae,
1117 4484 1330 4526 causa
1340 4463 1784 4540 visitationm,
1808 4477 1956 4526 A.D.
1972 4479 2030 4525 M
2044 4463 2171 4527 0CC
2185 4463 2213 4492 0
2226 4464 2311 4527 L0
2332 4467 2444 4528 die
2457 4465 2677 4530 Sanc-

360 4563 589 4617 torum
622 4553 1107 4616 Innocentium
1131 4550 1324 4636 (Dec.
1355 4550 1481 4635 28),
1508 4552 1941 4627 accedentes,
1964 4552 2274 4634 ejusdem
2308 4553 2441 4617 loci
2466 4554 2677 4636 priori
