3187 5105
208 1776 455 1819 Confirma-

206 1829 300 1868 tion
323 1827 370 1869 cf
383 1829 458 1869 the

207 1878 348 1919 above
365 1879 423 1930 by

207 1929 284 1969 the
301 1930 419 2019 {fior
434 1928 487 1990 of

203 1978 468 2072 tw

194 4169 269 4210 Fo.
292 4170 390 4212 nd.

547 493 630 567 48
743 504 891 552 THE
924 504 1300 554 REGISTER
1333 504 1428 553 OF
1462 504 1946 554 ARCHBISHOP
1977 505 2303 554 WALTER
2332 506 2686 558 GIFFARD.

543 688 778 732 aream
828 688 1143 732 annexas
1195 669 1509 732 ecclesiae
1562 678 1987 748 memoratae,
2042 690 2218 752 quas
2267 671 2451 734 idem
2504 672 2864 753 Johannes

542 755 875 838 possidet,
931 756 1082 819 sine
1130 756 1682 820 contradictione
1735 757 2167 839 cujusquam,
2219 777 2344 821 suo
2398 771 2733 841 perpetuo
2793 772 2863 824 et

541 843 868 906 continue
943 843 1030 906 de
1104 853 1334 906 cetero
1409 844 1499 906 ab
1560 843 1693 905 hac
1740 843 1874 906 die.
1965 844 2310 908 Volumus
2385 847 2598 909 etiam
2673 850 2861 928 quod

540 930 894 993 ordinaria
924 940 994 992 et
1038 930 1614 1008 extraordinaria,
1662 949 1818 993 cum
1866 931 2279 1009 acciderent,
2336 932 2516 995 inter
2561 935 2859 998 eundem

539 1017 962 1100 Magistrum
1006 1016 1400 1097 Johannem
1465 1027 1535 1079 et
1596 1017 1932 1080 vicarium
1997 1017 2218 1099 ipsius
2278 1020 2591 1083 ecclesiae
2651 1023 2861 1085 modo

539 1115 873 1168 consueto
932 1103 1221 1186 provide
1294 1104 1707 1186 partiantur.
1811 1104 2274 1169 Collationem
2357 1106 2567 1170 etiam
2640 1108 2861 1189 ipsius

538 1192 818 1255 vicariae
850 1192 1054 1255 nobis
1085 1201 1155 1254 et
1179 1211 1359 1254 suoe.
1395 1192 1654 1254 nostris
1683 1192 1994 1255 totaliter
2026 1211 2482 1257 reservamus,
2548 1194 2628 1256 In
2661 1196 2858 1274 cujus

537 1278 636 1340 rei
669 1288 824 1342 test.
860 1279 1169 1362 sigillum
1211 1289 1524 1341 nostrum
1557 1278 1820 1360 apponi
1850 1277 2140 1341 fecimus
2171 1280 2332 1343 huic
2365 1281 2643 1362 scripto.
2691 1281 2856 1345 Dat.

537 1367 725 1447 apud
755 1362 1053 1443 Lanum,
1076 1366 1216 1447 xvj.
1250 1366 1388 1427 kal.
1425 1365 1598 1427 Maii
1633 1365 1860 1447 (April
1891 1364 2013 1441 16),
2035 1379 2185 1428 A.D.
2220 1366 2857 1448 MOCCOLXXOnonO,

535 1463 605 1515 et
637 1450 1083 1534 pontificatus
1114 1453 1330 1515 nostri
1363 1452 1545 1535 xiijo.

623 1539 852 1623 Quam
937 1540 1575 1622 appropriationem
1660 1549 1730 1602 et
1805 1539 2314 1603 ordinationem
2390 1561 2473 1604 ac
2547 1541 2857 1624 ipsarum

532 1628 922 1690 litterarum
952 1625 1246 1689 formam
1278 1624 1793 1701 confirmamuS,
1826 1640 1897 1689 et
1926 1646 2048 1689 eas
2079 1628 2298 1689 nostri
2342 1627 2557 1710 sigilli
2614 1630 2859 1693 robore

535 1714 1083 1778 communimus,
1140 1713 1305 1776 Dat.
1360 1714 1431 1775 in
1486 1713 1795 1795 capitulo
1856 1724 2094 1776 nostro
2156 1714 2364 1776 Ebor.

623 1802 788 1866 Kal.
846 1801 1041 1878 Maii,
1092 1800 1288 1883 (May
1350 1802 1427 1883 1),
1477 1813 1628 1863 ΑΛ).
1679 1798 2099 1863 MOCCOLXXo
2151 1821 2359 1864 non0.
2477 1801 2859 1867 Indentura

535 1908 743 1970 super
772 1897 958 1951 statu
978 1887 1292 1950 ecclesiae
1316 1896 1384 1949 et
1407 1886 1688 1949 vicariae
1711 1887 2024 1950 ecclesiae
2050 1886 2124 1950 S.
2152 1888 2427 1951 Felicis.
2489 1889 2858 1954 Universis

536 1975 743 2040 Cristi
785 1974 1109 2038 fidelibus
1160 1993 1450 2055 presens
1500 1973 1835 2056 scriptum
1885 1973 2302 2055 inspecturis
2354 1975 2462 2038 vel
2516 1976 2856 2040 audituris

532 2062 745 2126 frater
814 2061 1078 2143 Joseph
1152 2061 1242 2123 de
1339 2060 1699 2143 Chauncy‚
1798 2070 2061 2123 sanctae
2135 2062 2384 2125 domus
2460 2061 2856 2145 Hospitalis

531 2148 1134 2230 Jerosolomitanae
1166 2147 1354 2229 prior
1381 2147 1669 2210 humilis
1699 2148 1771 2210 in
1804 2147 2094 2230 Anglia‚
2128 2150 2447 2211 salutem.
2523 2148 2855 2214 Volentes

531 2247 717 2300 notae
801 2234 1271 2317 suspicionem
1340 2234 1869 2317 ingratitudinis
1927 2234 2263 2298 radicitus
2326 2237 2607 2312 evitare,
2670 2239 2858 2301 bona

527 2323 666 2388 fide
697 2323 1168 2406 promittimus
1200 2322 1268 2384 in
1301 2321 1439 2383 hiis
1473 2322 1751 2403 scriptis
1781 2321 2113 2384 vicariam
2148 2322 2462 2385 ecclesiae
2496 2323 2568 2387 S.
2598 2323 2854 2387 Felicis

528 2411 732 2475 nobis
764 2430 889 2493 per
918 2410 1125 2472 bonae
1178 2408 1531 2472 memoriae
1583 2409 2054 2471 venerabilem
2110 2417 2405 2490 patrem,
2457 2408 2850 2473 Walterum

526 2497 815 2575 Giffard,
864 2497 1074 2562 Ebor.
1125 2495 1745 2578 archiepiscopum,
1793 2505 1863 2559 et
1915 2496 2224 2579 ejusdem
2279 2496 2411 2560 loci
2466 2498 2851 2579 capitulum

525 2587 596 2650 in
687 2605 855 2649 usus
930 2584 1250 2667 proprios
1325 2603 1698 2660 concessae,
1776 2584 2122 2667 integram
2183 2584 2254 2647 in
2320 2585 2645 2648 omnibus
2707 2587 2850 2649 suis

526 2673 1049 2738 conditionibus
1116 2691 1273 2735 cum
1350 2670 1790 2734 habitatione
1845 2673 1937 2733 ad
1982 2671 2226 2733 eadem
2301 2671 2633 2734 vicariam
2696 2692 2850 2754 per·

526 2762 815 2838 tinente,
870 2758 1183 2823 ecclesiae
1238 2758 1660 2840 supradictae
1714 2757 2009 2839 imperp.
2072 2777 2503 2839 permanere.
2579 2759 2850 2822 Tenore

526 2848 956 2931 presentium
989 2846 1201 2908 etiam
1233 2846 1712 2927 approbantes
1741 2846 1929 2926 quod
1965 2844 2549 2926 archiepiscopuS,
2572 2846 2692 2927 qui
2721 2867 2849 2928 pro

526 2945 841 3017 tempore
859 2932 1084 3010 fuerit,
1105 2933 1363 2995 dictam
1388 2931 1721 2994 vicariam
1747 2950 1903 2994 cum
1929 2931 2281 2994 vacaverit
2305 2932 2521 2994 libere
2541 2931 2850 2996 conferat

525 3023 639 3085 cui
704 3020 1024 3096 voluerit,
1101 3020 1482 3082 secundum
1557 3019 1746 3100 quod
1808 3018 1879 3080 in
1958 3019 2203 3080 eadem
2282 3017 2852 3100 appropriatione

524 3109 801 3191 plenius
832 3106 1245 3170 continetur.
1338 3104 1539 3186 Quod
1598 3105 1657 3167 si
1707 3115 1950 3167 contra
1993 3104 2353 3186 premissa,
2405 3106 2592 3187 quod
2640 3106 2845 3184 absit,

524 3195 896 3279 contigerit
928 3212 1057 3256 nos
1085 3192 1344 3265 venire,
1378 3192 1824 3254 concedimus
1853 3193 2040 3274 quod
2082 3211 2207 3273 per
2246 3192 2846 3274 archiepiscopum

524 3293 594 3346 et
625 3283 1009 3365 capitulum
1058 3280 1266 3342 Ebor.
1299 3279 1490 3341 dicta
1535 3278 2013 3360 appropriatio
2059 3288 2437 3342 revocetur.
2531 3279 2614 3342 In
2650 3280 2848 3362 cujus

521 3369 621 3432 rei
653 3380 812 3433 test.
846 3369 1156 3452 sigillum
1189 3376 1502 3429 nostrum
1535 3385 1903 3429 commune
1926 3366 2379 3447 apposuimus
2402 3365 2566 3430 huic
2589 3365 2848 3447 scripto

521 3455 986 3540 cirograffato.
1080 3453 1244 3517 Hiis
1317 3453 1637 3528 testibuS‚
1700 3451 1910 3515 fratre
1969 3452 2331 3516 Willelmo
2391 3454 2478 3516 de
2539 3451 2844 3536 Haulye,

519 3543 732 3607 fratre
775 3542 1140 3607 Willelmo
1215 3541 1301 3603 de
1363 3538 1705 3612 Weston’‚
1766 3538 1978 3602 fratre
2039 3538 2358 3603 Waltero
2418 3542 2506 3603 de
2552 3539 2845 3618 Perem',

518 3630 731 3694 fratre
760 3629 1080 3694 Waltero
1109 3628 1198 3689 de
1225 3627 1505 3703 Holme‚
1536 3626 1747 3689 fratre
1772 3626 2061 3708 Rogero
2090 3626 2179 3689 de
2209 3625 2519 3705 Wades',
2555 3636 2625 3689 et
2660 3626 2841 3692 aliis.

521 3718 685 3781 Dat.
721 3716 908 3799 apud
940 3713 1406 3778 Meltheburn'
1443 3715 1515 3777 in
1547 3713 2016 3777 celebratione
2080 3713 2368 3795 capituli
2416 3713 2658 3789 nostri,
2692 3726 2842 3779 Λᾶ).

520 3803 1014 3868 ΜΟΟΟιΧΧιΧΟ.

609 3892 823 3955 Mem.
886 3891 1074 3972 quod
1126 3888 1312 3950 dom.
1375 3886 1684 3950 Thomas
1745 3887 1832 3948 de
1893 3885 2214 3961 Cawode‚
2276 3886 2576 3950 vicarius
2636 3886 2844 3949 dictae

520 3979 834 4042 ecclesiae
887 3977 962 4042 S.
1027 3975 1302 4048 Felicis,
1364 3973 1578 4036 habet
1639 3974 1845 4036 istam
1907 3973 2351 4037 indenturam
2413 3975 2544 4036 sub
2606 3973 2843 4055 sigillo

518 4064 869 4130 communi
901 4066 1170 4127 domus,

605 4150 859 4216 Blank.
