3187 5105
502 535 650 583 THE
681 534 1059 584 REGISTER
1084 533 1179 583 OF
1208 532 1696 582 ARCHBISHOP
1729 532 2054 580 WALTER
2086 533 2437 581 GIFFARD.
2542 539 2653 598 137

344 719 694 781 expensas
754 699 963 761 unius
1024 697 1431 761 mercatoris
1488 717 1645 760 curn
1721 718 1861 760 uno
1919 718 2099 779 equo
2177 707 2246 761 et
2293 698 2659 775 serviente,

345 788 764 868 ubicumque
803 785 1006 849 fuerit
1049 797 1409 861 mercator,
1454 805 1677 867 usque
1719 785 1808 846 ad
1851 785 2268 847 solutionem
2314 785 2658 881 integram

345 874 558 937 totius
620 874 935 954 pecuniae
987 882 1409 936 memoratae.
1522 871 1894 953 Expensas
1967 871 2253 953 insuper
2316 870 2537 935 factas
2592 884 2662 934 et

345 959 722 1036 faciendaS,
753 972 897 1022 tam
950 961 1021 1022 in
1068 960 1330 1042 judicio
1384 978 1596 1040 quam
1651 967 1850 1021 extra
1899 959 2260 1040 judicium,
2316 979 2442 1040 pro
2474 960 2661 1022 dicta

345 1048 643 1129 pecunia
697 1049 1191 1128 recuperanda,
1242 1047 1613 1109 reddemus
1656 1055 1724 1109 et
1772 1046 2320 1108 restaurabimus
2374 1048 2657 1109 eisdem.

347 1134 725 1198 Credemus
758 1143 989 1197 autem
1024 1134 1146 1210 eis,
1181 1134 1292 1195 vel
1314 1134 1433 1196 uni
1458 1152 1718 1209 eorum,
1746 1141 1868 1194 aut
1892 1152 2128 1195 eorum
2163 1143 2351 1196 certo
2384 1134 2658 1211 nunci0,

346 1241 552 1303 super
582 1222 907 1303 dampnis
928 1231 997 1284 et
1017 1222 1346 1302 expensis
1366 1240 1490 1302 per
1510 1220 1812 1299 simplex
1830 1220 2118 1282 verbum
2143 1240 2341 1283 suum
2364 1230 2658 1298 tantum,

346 1309 496 1371 sine
545 1308 940 1389 juramento
1001 1318 1070 1371 et
1131 1308 1418 1371 alterius
1493 1327 1704 1370 onere
1755 1307 2231 1388 probationis;
2278 1328 2407 1370 nec
2475 1328 2660 1371 com-

346 1395 747 1477 putabimus
780 1396 1036 1458 dictam
1071 1395 1791 1476 recompensationem
1826 1395 1897 1456 in
1932 1403 2187 1456 sortem
2221 1395 2388 1458 dicti
2421 1396 2659 1472 debiti,

346 1502 472 1544 nec
504 1483 958 1546 retinebimus
1000 1483 1261 1545 dictum
1305 1483 1615 1544 debitum
1651 1483 1781 1544 sub
1812 1490 2136 1562 pretextu
2182 1502 2661 1563 recompensa-

346 1568 559 1633 tionis
620 1570 954 1651 predictae
1015 1579 1257 1631 contra
1315 1569 1748 1631 voluntatem
1804 1568 2144 1630 dictorum
2202 1579 2659 1632 mercatorum

347 1657 530 1719 ultra
559 1657 933 1719 terminum
966 1655 1415 1719 antedictum.
1453 1656 1588 1718 Pro
1621 1655 1873 1737 quibus
1905 1655 2230 1718 omnibus
2261 1666 2329 1718 et
2362 1656 2660 1739 singulis

345 1743 715 1806 antedictis
771 1741 1061 1806 firmiter
1091 1753 1159 1806 et
1189 1741 1487 1805 fideliter
1536 1742 1993 1805 observandis
2048 1753 2117 1804 et
2170 1743 2659 1824 adimplendiS,

345 1831 744 1912 obligamus
777 1850 926 1906 nos„
961 1830 1637 1911 archiepiscopatum
1673 1839 1985 1891 nostrum
2036 1838 2106 1891 et
2147 1850 2328 1893 succ.
2363 1840 2659 1907 nostrOS,

345 1928 414 1980 et
490 1918 728 1980 omnia
802 1919 991 1979 bona
1065 1928 1325 1993 nostra,
1390 1916 2033 1998 archiepiscopatus
2087 1917 2306 1980 nostri
2356 1927 2424 1981 et
2478 1937 2658 1979 succ.

347 2014 763 2080 nostrorum,
798 2005 1087 2067 mobilia
1118 2013 1188 2066 et
1218 2004 1628 2081 immobilia,
1677 2003 2154 2066 ecclesiastica
2183 2013 2252 2066 et
2284 2006 2659 2079 mundana,

347 2091 703 2172 presentia
776 2101 845 2154 et
919 2090 1172 2166 futura,
1248 2091 1669 2172 ubicumque
1741 2089 1998 2152 fuerint
2073 2091 2379 2169 inventa,
2456 2091 2662 2154 dictis

345 2178 847 2240 mercatoribus
909 2187 978 2240 et
1042 2179 1245 2241 sociis
1296 2198 1377 2240 ac
1427 2179 1570 2239 her.
1607 2197 1865 2239 eorum.
1960 2175 2134 2257 Quae
2183 2179 2368 2241 bona
2420 2180 2511 2241 ab
2560 2178 2662 2240 eis

348 2265 664 2346 precario
762 2265 1044 2327 nomine
1141 2265 1708 2346 recognoscimus
1801 2264 2158 2345 possidere
2256 2286 2476 2347 usque
2572 2266 2662 2327 ad

351 2352 739 2433 plenariam
776 2352 1191 2414 solutionem
1242 2352 1554 2414 omnium
1607 2351 2116 2433 predictorum;
2171 2352 2662 2415 renunciantes

344 2438 415 2500 in
444 2438 805 2520 premissis
830 2440 1154 2501 omnibus
1179 2448 1249 2501 et
1274 2439 1571 2521 singulis
1591 2458 1719 2519 pro
1742 2439 1946 2500 nobis
1966 2449 2035 2501 et
2059 2440 2661 2521 archiepiscopatu

349 2538 591 2589 nostro
624 2546 705 2588 ac
739 2546 919 2590 suco.
956 2526 1234 2604 nostriS,
1269 2526 1458 2589 omni
1486 2526 1662 2608 juris
1694 2525 1957 2588 auxilio
1982 2527 2299 2590 canonici
2321 2536 2389 2590 et
2413 2526 2662 2605 civilis,

345 2613 715 2695 privilegio
768 2614 1136 2676 clericatus
1191 2622 1260 2675 et
1310 2612 1464 2690 fori,
1514 2614 1833 2694 epistolae
1900 2614 2043 2676 divi
2103 2615 2422 2692 Adriani,
2472 2614 2662 2676 omni

344 2700 830 2763 consuetudini
900 2710 968 2762 et
1033 2711 1314 2775 statuto,
1378 2702 1705 2763 omnibus
1755 2699 2027 2776 litteris,
2085 2701 2544 2784 indulgentiis
2595 2712 2664 2765 et

342 2788 732 2869 privilegiis
764 2809 806 2849 a
840 2785 1024 2849 Sede
1055 2787 1469 2869 Apostolica
1501 2798 1571 2851 et
1604 2808 1646 2849 a
1678 2787 1869 2849 curia
1924 2788 2122 2871 regia
2175 2789 2562 2870 impetratis
2595 2799 2664 2852 et

345 2873 823 2955 impetrandiS,
859 2874 1340 2937 constitutioni
1372 2875 1459 2936 de
1491 2875 1763 2937 duabus
1796 2874 2001 2937 dietis
2024 2876 2229 2937 editae
2250 2876 2321 2937 in
2349 2875 2663 2940 Concilio

345 2960 693 3038 Generali,
770 2970 840 3024 et
916 2962 1314 3043 specialiter
1395 2961 1854 3043 indulgentiae
1949 2961 2155 3024 Sedis
2230 2963 2663 3044 Apostolicae

344 3047 669 3130 Anglicis
722 3068 1074 3111 concessae
1106 3069 1246 3131 qua
1276 3059 1561 3111 cavetur
1592 3068 1680 3110 ne
1730 3048 2020 3129 Anglici
2072 3059 2271 3112 extra
2320 3050 2661 3132 Angliam

343 3136 708 3198 trahantur
739 3137 829 3197 ad
861 3155 1112 3198 causas
1161 3155 1286 3217 per
1335 3136 1604 3198 litteras
1652 3136 2125 3216 Apostolica5‚
2176 3147 2246 3199 et
2295 3138 2485 3200 omni
2542 3137 2660 3200 alii

343 3221 737 3303 exceptioni
769 3232 839 3285 et
870 3220 1279 3299 defensioni,
1307 3222 1657 3304 personali
1691 3230 1760 3284 et
1792 3222 1984 3300 reali,
2019 3243 2175 3304 quae
2207 3234 2445 3305 posset
2479 3225 2661 3287 obici

342 3320 584 3371 contra
657 3310 801 3384 hoc,
867 3309 1402 3372 instrumentum
1478 3310 1591 3372 vel
1652 3308 1936 3386 factum,
2012 3310 2125 3370 vel
2201 3331 2358 3391 quae
2435 3312 2660 3389 nobiS,

345 3395 975 3477 archiepiscopatiu
1008 3406 1245 3459 nostro
1279 3406 1346 3459 et
1380 3416 1561 3460 succ,
1597 3396 1855 3459 nostris
1887 3407 2174 3477 possent
2207 3399 2560 3478 prodesse,
2594 3408 2663 3461 et

343 3482 547 3544 dictis
617 3484 1117 3545 mercatoribus
1184 3494 1254 3545 et
1307 3502 1544 3545 eorum
1603 3483 1809 3545 sociis
1860 3503 2127 3545 nocere.
2223 3485 2315 3547 Et
2368 3486 2662 3568 quilibet

343 3569 682 3631 dictorum
771 3579 1230 3632 mercatorum
1308 3570 1710 3646 insolidum,
1785 3571 1900 3632 vel
1976 3581 2383 3651 procurator
2455 3573 2663 3636 unius

344 3675 603 3730 eorum,
658 3666 892 3737 potest
939 3666 1176 3737 petere
1233 3666 1302 3719 et
1351 3658 1657 3739 recipere
1686 3665 1700 3687 ⁸
1751 3667 1975 3719 totum
2030 3657 2293 3721 dictum
2348 3660 2659 3722 debiturn

343 3743 491 3805 sine
538 3744 1025 3824 procuratione
1067 3744 1361 3806 aliorum
1415 3745 1756 3806 sociorum
1808 3763 2111 3806 suorum.
2207 3745 2297 3808 Et
2339 3748 2661 3810 volumus

342 3849 548 3910 super
595 3831 727 3892 hoc
780 3850 822 3892 a
878 3831 1083 3893 dictis
1137 3830 1662 3906 mercatoribus,
1715 3832 1826 3892 vel
1877 3832 1968 3892 ab
2017 3851 2156 3892 uno
2218 3852 2480 3911 eorum,
2542 3844 2662 3897 aut

343 3936 576 3978 eorum
620 3926 808 3980 certo
863 3917 1138 3994 nunci0,
1184 3918 1255 3979 in
1310 3918 1500 3980 omni
1555 3918 1710 3980 loco
1773 3918 1988 3980 libere
2051 3920 2405 3982 conveniri
2461 3932 2530 3984 et
2574 3924 2662 3984 ad

336 4003 671 4084 judicium
705 4004 908 4066 trahi.
1003 4004 1262 4067 Omnia
1310 4015 1542 4067 autem
1598 4014 1668 4066 et
1715 4005 1996 4086 singula
2048 4007 2449 4086 supradicta
2503 4028 2662 4090 pro-

342 4090 682 4153 mittimus
744 4092 931 4152 bona
990 4089 1149 4168 fide,
1212 4102 1282 4154 et
1343 4091 1414 4153 in
1478 4091 1695 4154 verbo
1757 4091 2073 4155 veritatis
2133 4102 2205 4154 et
2266 4095 2660 4172 sacerdotii,

340 4174 629 4239 firmiter
658 4186 894 4240 tenere
925 4187 994 4240 et
1025 4178 1429 4260 adimplere,
1465 4197 1546 4240 ac
1579 4179 1652 4240 in
1684 4180 1878 4240 nullo
1910 4181 2411 4245 contravenire.

430 4301 666 4364 Mem.²
708 4301 897 4383 quod
937 4300 1264 4364 dominus
1305 4301 1651 4383 obligavit
1683 4322 1758 4366 se
1802 4322 1928 4384 pro
1974 4304 2304 4366 trecentis
2358 4315 2428 4368 et
2458 4307 2658 4388 quin-

341 4388 681 4470 quaginta
712 4387 965 4451 marcis
989 4399 1229 4451 mutuo
1260 4389 1560 4470 receptis
1593 4396 1667 4451 a³
1706 4389 2111 4471 prescriptis
2135 4393 2659 4472 mercatoribuS,

536 4559 548 4581 ¹
574 4548 858 4611 Receperat.
1253 4559 1272 4582 2
1298 4547 1416 4596 This
1440 4559 1581 4614 entry
1605 4551 1805 4599 crossed
1828 4559 1934 4599 out.
2327 4564 2348 4594 ³
2368 4555 2466 4603 Ab.
