3187 5105
528 463 570 510 T
576 463 675 511 HE
705 462 1081 512 REGISTER
1106 463 1200 511 01⁸
1231 462 1717 511 ARCHBISHOP
1749 460 2074 509 WALTER
2106 460 2457 508 GIFFARD.
2552 467 2672 525 303

365 622 601 705 sigillo
634 622 921 704 signari,
954 643 1044 684 ex
1075 622 1181 703 cuj
1193 644 1270 684 us
1303 621 1801 703 consequentia
1834 631 2181 702 oporteret
2214 621 2400 683 bona
2431 622 2679 682 domus

364 709 655 772 distrahi
690 720 759 771 et
779 709 1172 792 dilapidari,
1196 710 1264 771 in
1287 709 1773 791 prosequendo
1805 718 2046 769 contra
2078 708 2674 789 archiepiscopum

367 796 631 877 aliquid
663 796 1158 877 conspiratum.

454 883 629 945 Item
692 904 781 945 an
858 883 1183 946 decidant
1253 883 1409 964 jura
1486 883 1818 958 ecclesiae,
1894 882 2004 945 vel
2077 883 2323 943 domus
2399 890 2679 962 propter

368 969 708 1032 defectum
743 970 992 1051 prioris
1025 972 1405 1050 dampnum
1434 970 1719 1050 aliquod
1751 970 2076 1051 patiatur.

455 1056 630 1118 Item
694 1077 784 1119 an
860 1058 1050 1138 prior
1122 1068 1363 1119 contra
1423 1056 2025 1138 archiepiscopum
2103 1055 2673 1138 ingratitudinem

367 1143 810 1218 commiserit,
860 1142 1281 1206 deferentem
1325 1145 1595 1207 litteras
1651 1164 1813 1205 suas
1863 1164 1906 1204 a
1959 1141 2384 1204 monasterio
2439 1143 2676 1223 expel-

368 1231 593 1293 lendo,
690 1231 994 1293 Fatetur.

455 1317 630 1379 Item
709 1339 797 1379 an
875 1318 1063 1418 prior
1137 1328 1421 1398 propter
1474 1317 2006 1398 suspensionem
2059 1316 2531 1378 convolaverit
2587 1317 2677 1377 ad

368 1426 408 1465 v
413 1404 656 1467 etitum
677 1424 971 1467 examen
990 1405 1057 1467 in
1081 1424 1254 1468 com.
1276 1405 1508 1481 Ebor„
1522 1405 1609 1466 de
1629 1404 2153 1485 archiepiscopo
2174 1403 2676 1484 querimoniam

368 1492 801 1571 deponendo.

458 1578 631 1640 Item
666 1599 756 1641 an
791 1579 1015 1641 dictus
1069 1578 1257 1661 prior
1312 1578 1858 1660 interpellaverit
1909 1577 2388 1639 vicecomitem
2444 1576 2676 1649 Ebor„

369 1667 553 1746 quod
620 1666 1090 1748 interponeret
1165 1676 1399 1746 partes
1465 1685 1628 1727 suas
1688 1666 1776 1728 ad
1839 1665 2319 1727 liberationem
2399 1683 2676 1726 suorum

368 1753 1014 1824 concanonicorum,
1060 1754 1177 1835 qui
1247 1773 1372 1835 per
1446 1753 1696 1815 laicam
1751 1762 2168 1833 potestatem
2246 1771 2288 1813 a
2365 1751 2680 1813 districtu

368 1839 679 1901 ecclesiae
710 1840 989 1902 liberari
1016 1860 1153 1901 non
1181 1840 1437 1902 debent
1469 1840 1848 1902 secundum
1874 1839 2246 1901 canonicas
2270 1838 2676 1910 sanxiones;

370 1925 491 1986 sed
546 1927 1038 1990 ecclesiasticae
1085 1945 1402 2009 personae
1434 1927 1504 1988 in
1540 1927 1858 1989 districtu
1914 1926 2145 1988 laicali
2195 1926 2459 1987 detenti
2515 1945 2677 1987 con-

369 2024 740 2076 sueverunt
771 2033 895 2095 per
924 2033 1192 2076 sacram
1244 2027 1534 2076 matrem
1586 2014 1955 2075 ecclesiam
1987 2014 2324 2074 hactenus
2374 2011 2676 2089 liberari,

368 2110 435 2161 et
485 2101 711 2163 adhuc
774 2101 956 2163 idem
999 2099 1138 2175 fiet,
1187 2121 1323 2162 non
1389 2103 1714 2163 obstante
1768 2100 1934 2162 dicti
1996 2100 2246 2180 prioris
2288 2099 2674 2174 conamine,

369 2186 674 2249 Domino
706 2188 1140 2269 disponente.

454 2274 667 2336 Anno
700 2276 789 2336 ab
821 2275 1301 2337 incarnatione
1332 2275 1619 2336 Domini
1666 2272 2121 2336 M²CC0LXX²
2155 2274 2420 2354 quint0,
2455 2293 2677 2335 nonas
2708 2284 2960 2324 visitation-

372 2357 526 2421 Oct.
580 2359 759 2441 (Oct.
799 2362 880 2445 7),
934 2362 1382 2443 inquisitione
1430 2363 1499 2424 in
1542 2361 1853 2443 prioratu
1894 2361 1980 2421 de
2028 2360 2330 2422 Boulton
2374 2381 2498 2442 per
2529 2380 2677 2435 nos,

370 2446 509 2520 W.,
543 2458 695 2524 ete„
745 2449 1079 2511 canonice
1128 2449 1499 2523 celebrata,
1553 2449 1879 2511 inventus
1932 2458 2039 2510 est
2083 2446 2198 2512 W.
2255 2448 2442 2529 Hog,
2493 2447 2681 2529 prior

369 2534 677 2615 ejusdem
713 2536 868 2611 loci,
903 2555 1028 2618 per
1057 2535 1562 2598 confessionem
1599 2535 1976 2619 propriam,
2022 2545 2091 2597 et
2133 2534 2416 2615 quidam
2468 2534 2677 2597 etiam

370 2621 473 2682 sui
538 2623 989 2685 concanonici
1052 2624 1372 2685 similiter
1437 2644 1562 2705 per
1629 2643 1864 2686 eorum
1941 2621 2448 2685 confessionem
2520 2634 2680 2684 sunt

371 2708 632 2771 inventi
677 2711 1121 2791 conjurantes
1162 2721 1231 2772 et
1272 2711 1756 2791 conspirantes
1803 2710 2027 2785 nobi5‚
2072 2718 2312 2771 contra
2343 2710 2681 2771 canonica

370 2795 707 2858 instituta.

457 2882 631 2944 Item
665 2893 1094 2965 compertum
1126 2894 1253 2959 est,
1286 2903 1412 2966 per
1445 2883 1613 2946 dicti
1652 2883 1902 2964 prioris
1934 2881 2461 2958 confessionem,
2495 2884 2679 2964 quod

368 2980 528 3051 post
590 2971 1118 3052 suspensionem
1207 2991 1425 3044 suam,
1505 2971 1612 3033 sui
1689 2981 1914 3033 status
1989 2969 2476 3032 reformatione
2539 2989 2676 3031 non

369 3059 677 3133 obtenta,
702 3057 863 3120 fecit
896 3057 1027 3121 sibi
1062 3058 1439 3121 ministrari
1474 3058 1542 3119 in
1579 3078 1822 3120 mensa
1846 3077 2000 3120 cum
2035 3058 2302 3133 mallia,
2337 3068 2412 3119 ut
2444 3056 2679 3138 priori,

369 3157 436 3206 et
471 3145 538 3206 in
574 3164 848 3207 camera
881 3144 1131 3226 prioris
1164 3146 1341 3208 sicut
1372 3145 1585 3226 priuS.

456 3230 630 3294 Item
682 3242 1108 3332 compertum
1161 3243 1287 3307 est,
1328 3252 1452 3313 per
1482 3232 1792 3314 ejusdem
1845 3230 2096 3312 prioris
2149 3229 2678 3305 confessionem,

368 3319 552 3398 quod
604 3319 753 3400 ipse
811 3319 935 3381 ivit
989 3320 1175 3419 apud
1232 3280 1439 3381 E'bor.
1489 3319 1579 3381 ad
1629 3319 2139 3399 procurandum
2195 3318 2677 3380 liberationem

369 3425 646 3468 suorum
724 3407 1372 3482 concanonicorum,
1453 3406 1521 3468 in
1603 3417 1842 3467 nostra
1902 3404 2219 3466 custodia
2290 3406 2379 3467 ad
2440 3424 2675 3467 eorum

366 3493 861 3555 correctionem
895 3494 1365 3564 existentium,
1421 3512 1545 3575 per
1599 3493 1850 3555 laicam
1902 3501 2342 3574 potestatem,
2400 3503 2468 3553 et
2516 3511 2677 3554 con-

368 3581 668 3641 volando
716 3582 804 3641 ad
850 3580 1139 3643 vetitum
1188 3600 1483 3642 examen
1518 3590 1940 3661 conquestus
1982 3577 2111 3640 fuit
2159 3579 2244 3641 de
2277 3579 2501 3655 nobiS‚
2533 3590 2674 3641 tam

368 3667 755 3730 vicecomiti
801 3667 1009 3729 Ebor.
1045 3688 1252 3748 quam
1300 3667 1459 3730 aliis
1492 3666 1719 3739 laicis;
1756 3665 1855 3727 sic
1888 3666 2072 3727 idem
2103 3667 2234 3728 hoc
2267 3666 2545 3746 plenius
2575 3676 2680 3727 est

367 3753 745 3816 confessus,

455 3841 631 3903 Item
666 3850 1095 3923 compertum
1128 3852 1235 3903 est
1258 3861 1382 3922 per
1407 3841 1718 3922 ejusdem
1751 3839 2279 3916 confessionem,
2313 3840 2499 3921 quod
2520 3839 2679 3902 fecit

367 3929 718 4010 quoddam
795 3928 1342 4009 procuratorium
1414 3927 1650 4010 sigillo
1726 3927 2013 4008 capituli
2089 3927 2511 4008 consignari,
2590 3928 2676 3988 ad

368 4015 922 4096 prosequendam
994 4015 1541 4097 conjurationem
1624 4014 1940 4096 superius
2016 4024 2464 4084 annotatam;
2557 4033 2681 4094 per

367 4104 551 4184 quod
584 4103 889 4184 oportuit
931 4102 1305 4183 dilapidari
1348 4103 1533 4163 bona
1568 4100 1968 4164 monasterii
2025 4114 2095 4164 et
2137 4101 2680 4182 dampnabiliter

367 4189 715 4272 dissipari.

455 4277 631 4339 Item
658 4287 1084 4357 compertum
1113 4286 1219 4338 est
1243 4276 1589 4357 quod,per
1614 4275 1832 4357 ipsius
1856 4275 2197 4338 desidiam
2220 4285 2287 4338 et
2311 4273 2677 4349 defectum,

370 4376 529 4427 sunt
584 4366 902 4445 quaedam
961 4363 1362 4425 monasterii
1414 4363 1601 4425 bona
1650 4361 1922 4444 perdita
1975 4373 2042 4424 et
2092 4362 2502 4444 dilapidata,
2553 4381 2678 4441 pro

368 4453 700 4515 fidelitate
732 4451 1084 4513 comitisse
1116 4450 1569 4513 Albemarliae
1605 4450 1909 4511 nondum
1936 4448 2138 4513 facta.
