3187 5105
525 577 673 625 THE
704 576 1081 627 REGISTER
1113 577 1208 627 OF
1238 576 1726 627 ARCHBISHOP
1759 576 2084 626 WALTER
2116 575 2466 625 GIFFARD.
2589 582 2656 641 17

348 737 565 800 Lunae
617 757 814 819 prox.
870 747 1032 800 ante
1085 737 1336 800 festum
1394 736 1907 800 Purificationis
1973 735 2166 812 B.V.‚
2223 735 2669 817 pontificatus

344 825 526 888 dom.
560 823 646 904 J.,
682 824 891 889 Ebor.
925 825 1455 906 archiepiscopi,
1506 845 1693 887 anno
1725 825 1968 906 quinto
2013 822 2190 907 (Jan.
2234 844 2336 901 29,
2379 824 2664 907 1290-1),

348 932 477 993 pro
510 921 759 993 quarta
788 922 989 993 parte
1018 910 1201 974 feodi
1233 911 1439 974 unius
1473 911 1736 974 militis.

440 996 736 1079 Otteleye.
846 998 1229 1061 Nicholaus
1274 998 1512 1061 Ward’
1549 998 1618 1060 in
1660 997 1967 1082 Gyseley
1998 997 2205 1060 debet
2251 995 2670 1078 respondere

346 1105 471 1168 pro
495 1084 696 1148 feodo
722 1085 926 1147 unius
951 1084 1213 1148 militis.
1279 1085 1335 1147 F
1338 1087 1589 1148 eodum
1619 1083 1690 1148 in
1723 1086 1989 1168 Burlay
2013 1085 2219 1147 debet
2251 1083 2670 1165 respondere

344 1192 471 1253 pro
531 1172 696 1235 dim.
761 1170 993 1235 feodo¹
1048 1173 1254 1235 unius
1316 1171 1580 1236 militiS.
1706 1172 1762 1234 F
1766 1173 2018 1235 eodum
2081 1171 2168 1234 de
2233 1171 2402 1234 Pole
2464 1172 2669 1234 debet

344 1260 764 1341 respondere
831 1279 958 1341 pro
1020 1258 1185 1323 dim.
1237 1258 1439 1321 feodo
1505 1258 1768 1337 militis,
1820 1269 2052 1342 preter
2087 1259 2263 1320 duas
2295 1278 2432 1321 car.
2466 1267 2669 1321 terrae

345 1366 503 1429 quae
549 1357 711 1409 sunt
758 1346 829 1409 in
876 1366 1089 1408 manu
1136 1346 1420 1411 domini.
1516 1347 1826 1409 Feodum
1880 1346 2068 1427 apud
2122 1345 2425 1408 Denton'
2461 1345 2668 1408 debet

344 1433 763 1514 respondere
793 1453 919 1515 pro
952 1442 1201 1514 quarta
1230 1444 1429 1515 parte
1460 1433 1642 1496 feodi
1674 1434 1879 1496 unius
1911 1432 2172 1495 militis.

431 1518 778 1603 Lindeley.
873 1520 1234 1583 Falcasius
1283 1523 1369 1582 de
1401 1521 1760 1603 Lyndeley
1783 1529 1975 1583 tenet
2007 1520 2077 1582 in
2113 1518 2472 1619 Lyndeley
2494 1519 2668 1582 duas

347 1627 482 1670 car.
518 1617 740 1684 terrae,
773 1615 842 1669 et
872 1606 1039 1671 facit
1074 1617 1355 1684 sectam,
1391 1617 1461 1669 et
1492 1607 1701 1669 solvit
1732 1627 1856 1688 per
1886 1626 2147 1669 annum
2180 1606 2410 1687 xviiJ‘S.
2445 1617 2516 1669 et
2548 1606 2666 1688 ijd.

433 1692 890 1777 Paterington'
958 1692 1035 1755 in
1096 1692 1548 1755 Holdernesse.
1653 1693 1903 1757 Comes
1962 1693 2419 1756 Albemarliae
2480 1701 2670 1756 tenet

344 1780 548 1844 feoda
609 1779 951 1843 Willelmi
1015 1780 1554 1856 Constabularii,
1620 1790 1689 1843 et
1765 1781 1972 1843 debet
2047 1780 2468 1863 respondere
2543 1799 2668 1861 pro

344 1868 617 1930 duobus
642 1866 864 1930 feodis
890 1868 1187 1930 militum
1215 1867 1285 1929 in
1310 1867 1782 1949 Tarlesthorp'
1811 1878 1880 1930 et
1907 1866 2227 1931 Halsam.
2312 1866 2670 1930 Robertus

344 1955 434 2017 de
481 1954 749 2017 Hilton’
785 1965 854 2018 et
900 1954 1284 2017 Nicholaus
1331 1955 1418 2017 de
1461 1954 1740 2037 Piseley
1771 1954 2028 2017 debent
2075 1953 2496 2035 respondere
2541 1974 2669 2036 pro

344 2040 548 2103 feodo
595 2041 800 2104 unius
846 2041 1090 2104 militis
1138 2041 1210 2103 in
1259 2039 1516 2124 Swyne
1548 2053 1618 2105 et
1648 2042 1720 2104 in
1754 2041 2217 2106 Withestede.
2312 2041 2668 2104 Robertus

346 2127 639 2191 Cokerel
686 2129 1155 2210 respondebat
1198 2148 1325 2210 pro
1370 2127 1572 2191 feodo
1619 2129 1824 2191 unius
1885 2128 2128 2191 militis
2192 2128 2264 2190 in
2307 2127 2667 2207 Couldon',

344 2216 531 2296 quod
576 2214 854 2278 feodum
897 2214 1465 2297 archiepiscopus
1502 2217 1716 2278 habet
1758 2215 1829 2277 in
1863 2236 2072 2278 manu
2107 2236 2252 2289 sua,
2287 2226 2363 2278 ut
2396 2215 2665 2291 dicitur,

348 2300 591 2384 (usque
643 2302 828 2386 huc),
877 2312 947 2365 et
992 2312 1097 2365 est
1143 2302 1653 2382 inquirendum.

434 2389 880 2472 Reginaldus
962 2387 1149 2451 filius
1224 2389 1414 2451 Petri
1490 2390 1697 2452 debet
1771 2390 2191 2472 respondere
2265 2410 2392 2471 pro
2465 2387 2669 2452 feodo

342 2476 552 2538 trium
600 2477 896 2539 militum
932 2476 1001 2538 in
1043 2476 1523 2559 Leoneburgh'
1573 2487 1644 2539 et
1695 2475 2223 2560 Winterthorp’.
2318 2474 2669 2540 Gerardus

343 2564 432 2627 de
498 2563 847 2627 Fanecurt
910 2563 1119 2627 debet
1185 2565 1607 2644 respondere
1674 2584 1802 2646 pro
1876 2563 2081 2627 feodo
2148 2563 2357 2627 unius
2424 2564 2668 2627 militis

344 2651 416 2712 in
472 2650 860 2734 Brunesby.
984 2651 1215 2713 Adam
1272 2650 1360 2713 de
1429 2651 1906 2733 Everingham
1972 2652 2180 2714 debet
2246 2652 2668 2733 respondere

342 2757 471 2817 pro
544 2735 747 2800 feodo
808 2738 1012 2801 unius
1073 2737 1316 2800 militis
1392 2737 1462 2800 in
1541 2737 2017 2820 Everingham
2093 2750 2162 2801 et
2223 2739 2663 2801 Flathwath'.

340 2823 701 2886 Walterus
772 2824 858 2887 de
921 2823 1113 2908 Gray
1165 2834 1356 2887 tenet
1394 2824 1675 2887 feodum
1737 2825 1925 2907 quod
1982 2823 2111 2888 fuit
2182 2825 2512 2908 Hugonis
2580 2825 2667 2888 de

347 2910 700 2988 Boulton',
762 2919 833 2973 et
929 2911 1137 2973 debet
1210 2912 1632 2993 respondere
1693 2932 1820 2993 pro
1880 2910 2083 2974 feodo
2143 2913 2349 2975 unius
2425 2912 2668 2975 militis

344 2998 416 3059 in
466 2997 790 3060 Boulton'
836 3008 905 3061 et
945 2997 1224 3079 Yapum
1267 3007 1336 3060 et
1379 2997 1745 3080 Golthorp,
1790 2997 1941 3080 (pro
1987 2999 2239 3081 quibus
2287 2998 2665 3079 JohanneS,

341 3082 531 3146 filius
606 3085 788 3147 dom.
855 3085 946 3147 R.
1019 3086 1106 3147 de
1183 3084 1391 3168 Grey,
1437 3084 1600 3147 fecit
1660 3084 2069 3148 fidelitatem
2131 3095 2199 3149 et
2258 3085 2666 3168 homagium

340 3171 404 3250 J.
447 3171 988 3255 archiepiscope,
1022 3171 1113 3253 vij
1172 3172 1314 3235 kal.
1365 3170 1583 3253 Sept„
1619 3183 1811 3254 pont.
1858 3171 1974 3256 XO)
2025 3170 2235 3256 (Aug.
2289 3178 2390 3249 26,
2458 3174 2662 3256 ¹295)-

339 3257 700 3336 Johannes
761 3260 849 3321 de
912 3258 1113 3321 Meus
1173 3268 1363 3322 tenet
1424 3258 1699 3321 feodum
1757 3259 1944 3342 quod
2016 3258 2147 3322 fuit
2224 3260 2516 3323 Ricardi
2579 3261 2666 3324 de

346 3342 831 3432 Hode[l]ston’
898 3344 970 3408 in
1032 3345 1514 3428 Wetewange,
1600 3354 1669 3408 et
1730 3345 2120 3428 Golthorp’,
2163 3357 2232 3410 et
2277 3347 2664 3429 Yolthorp’,

339 3441 412 3494 et
473 3433 680 3495 debet
746 3433 1165 3515 respondere
1224 3452 1352 3514 pro
1430 3431 1633 3496 feodo
1704 3433 1910 3496 unius
1989 3432 2251 3496 militis.
2325 3433 2662 3518 (Summa,

340 3518 692 3601 xxxviijli.
727 3539 878 3583 xvs.
913 3519 1079 3604 vjd.)

448 3603 726 3687 I‘Vylton.
820 3606 1032 3669 Mem.
1081 3608 1268 3690 quod
1316 3607 1673 3671 Walterus
1719 3608 1806 3670 de
1853 3606 2060 3691 Grey,
2101 3607 2665 3691 archiepiscopus

340 3691 580 3769 Ebor.,
629 3693 820 3756 dedit
862 3694 1271 3776 homagium
1302 3694 1600 3758 Walteri
1642 3695 1729 3758 de
1777 3694 2181 3757 Mikelfeud'
2215 3695 2532 3758 Waltero
2577 3697 2665 3759 de

340 3777 552 3862 Gn-ey,
577 3779 804 3856 militi,
843 3780 1080 3862 nepoti
1123 3801 1271 3858 su0,
1302 3781 1422 3863 qui
1453 3781 1735 3863 quidem
1764 3781 2121 3844 Walterus
2156 3782 2243 3844 de
2280 3780 2664 3846 Mikelfeud

337 3866 583 3929 debuit
606 3876 842 3929 tenere
873 3868 959 3930 de
990 3869 1175 3931 dom.
1209 3868 1736 3950 archiepiscopo
1768 3868 1839 3931 in
1872 3869 2102 3950 capite
2146 3867 2423 3932 feodum
2457 3870 2664 3933 unius

337 3953 610 4030 militis,
643 3954 831 4035 quod
890 3952 1020 4017 fuit
1068 3956 1374 4018 Andreae
1405 3956 1491 4018 de
1526 3955 2037 4037 Helpelthorp',
2071 3956 2256 4019 unde
2294 3956 2663 4020 consilium

335 4049 449 4103 est
495 4041 1009 4135 apponendum.

426 4125 848 4190 Kestevene
812 4147 1058 4193 mcom.
1080 4125 1392 4191 Lincoln.
1482 4129 1565 4191 In
1587 4130 2074 4210 wapentachio
2104 4130 2192 4193 de
2222 4130 2659 4194 Belteslowe.

334 4213 424 4277 In
457 4214 941 4296 wapentachio
973 4216 1060 4278 de
1103 4215 1484 4298 Langhow.
1578 4216 1664 4279 In
1695 4216 2034 4300 Wytham
2067 4218 2224 4280 duae
2265 4238 2401 4283 car.
2436 4227 2658 4283 terrae.

333 4301 424 4365 In
472 4299 807 4364 Twiford²
846 4310 1143 4384 quatuor
1186 4304 1344 4367 bov.
1397 4313 1620 4367 terrae.
1731 4303 1814 4366 In
1864 4303 2317 4386 Skillington'
2366 4314 2663 4387 quatuor

330 4407 477 4452 car.
512 4397 581 4451 et
627 4388 672 4470 ij
722 4389 880 4451 bov.
914 4397 1136 4454 terrae.
1231 4390 1315 4453 In
1347 4390 1857 4473 Wolesthorp'³
1886 4402 2027 4454 tres
2073 4411 2210 4455 car.
2258 4402 2481 4454 terrae.
2575 4392 2659 4456 In

403 4523 522 4574 ¹Co
523 4527 680 4571 rrecte
681 4521 716 4570 d
742 4522 818 4570 fro
788 4537 871 4570 om
894 4530 1081 4586 quarta
1094 4529 1247 4585 parte
1254 4524 1321 4589 se
1295 4523 1418 4573 ezssod
1629 4523 1747 4573 ²Co
1716 4539 1825 4573 orre
1826 4524 2038 4574 crotedf
2006 4539 2089 4572 om
2112 4524 2399 4574 Thowarth.

1050 4588 1315 4638 ³Writteen
1337 4588 1596 4654 originally
1618 4588 1713 4637 Ole
1715 4590 1904 4654 sorthor.p

2635 4700 2676 4741 B
