3187 5105
506 553 655 601 THE
687 552 1061 602 REGISTER
1082 552 1175 601 OF
1207 551 1694 602 ARCHBISHOP
1725 550 2051 597 WALTER
2082 548 2435 597 GIFFARD.
2532 553 2652 611 249

346 714 537 775 Inter
590 712 1094 775 sollicitudines
1162 733 1318 794 quae
1373 712 1575 774 nobis
1627 712 1694 773 in
1758 722 1999 773 nostra
2053 706 2414 790 provincia
2466 726 2653 768 corn-

348 801 736 875 mittuntur,
772 800 943 880 ipsae
992 820 1120 862 nos
1165 809 1490 881 pungunt
1535 798 1865 879 precipue
1897 816 2053 877 quae
2100 795 2284 858 circa
2316 813 2653 875 personas

346 888 713 968 religiosas
788 897 1168 962 vertuntur,
1244 898 1322 949 ut
1407 885 1817 947 reformetur
1892 894 2115 946 status
2199 882 2506 963 ipsarum
2583 891 2655 942 et

345 974 677 1055 deinceps
778 972 1045 1036 firmius
1150 976 1572 1036 observetur.
1718 970 1908 1035 Sane
2016 980 2654 1051 quantumcumque

345 1062 784 1124 devotionem
836 1073 1138 1124 vestram
1188 1080 1316 1141 pro
1371 1060 1714 1141 regularis
1765 1057 2211 1120 observantia
2262 1053 2653 1136 disciplinae

344 1148 719 1211 viderimus
781 1148 1429 1222 commendandam,
1494 1144 1971 1245 imperfectum
2048 1159 2282 1206 tamen
2344 1153 2652 1203 vestrum

337 1236 582 1317 juvare
627 1236 943 1297 volentes
994 1246 1062 1298 et
1095 1254 1218 1316 pro
1257 1234 1523 1297 viribus
1555 1233 1813 1296 nostris
1865 1233 2210 1330 supplere,
2261 1229 2655 1309 subscripta

343 1322 544 1385 vobis
590 1322 661 1384 in
695 1323 951 1385 virtute
982 1321 1403 1385 obedientiae
1449 1331 1518 1383 et
1553 1321 1683 1383 sub
1731 1340 1912 1402 pena
1959 1318 2299 1381 canonica
2343 1315 2652 1398 injungi-

345 1430 499 1471 mus
531 1410 1003 1509 adimplenda.
1070 1408 1149 1470 In
1184 1408 1451 1490 primis,
1485 1409 1670 1490 quod
1697 1426 1877 1484 cum,
1901 1406 2256 1487 priorissa,
2291 1403 2489 1486 gregi
2523 1403 2651 1466 tibi

344 1496 758 1572 commissae,
793 1497 990 1558 salva
1021 1496 1287 1558 ordinis
1332 1495 1704 1575 disciplina
1737 1494 2100 1575 regulariS,
2135 1504 2205 1556 te
2242 1490 2652 1565 conformes,

346 1603 433 1645 ne
487 1603 611 1666 per
662 1582 965 1664 rigorem
1019 1592 1293 1664 torpeat
1348 1583 1458 1644 vel
1514 1601 1641 1662 per
1692 1581 2163 1645 tollerantiam
2216 1579 2649 1649 insollescat;

343 1690 467 1732 vos
527 1680 782 1746 autem,
846 1690 1088 1731 omnes
1156 1679 1224 1732 et
1294 1670 1592 1751 singulae
1640 1669 1726 1730 de
1794 1677 2162 1741 conventu,
2236 1664 2653 1728 obedientiae

344 1757 704 1820 debitum
691 1778 759 1819 1n
795 1757 1094 1838 singulis
1125 1756 1326 1818 vobis
1361 1756 1741 1818 secundum
1775 1756 2090 1835 regulam
2124 1755 2234 1816 vel
2269 1754 2357 1815 ad
2390 1754 2651 1815 bonum

344 1844 609 1906 ordinis
654 1863 743 1906 ex
790 1844 1291 1906 deliberatione
1339 1852 1669 1924 precepta
1716 1841 2074 1905 sinceriter
2123 1839 2529 1914 observetis,
2579 1850 2654 1901 ut

344 1931 442 1992 sic
475 1951 640 1993 vera
687 1932 1020 2013 probetur
1064 1929 1513 1993 conformitas
1562 1930 1631 1991 in
1682 1930 1911 2011 capite
1950 1938 2018 1991 et
2051 1927 2403 2003 membriS,
2450 1947 2558 2002 ne,
2595 1928 2650 1988 si

343 2019 428 2079 de
460 2017 841 2081 rebellione
876 2037 1000 2079 vos
1032 2018 1347 2080 convinci
1377 2017 1770 2117 contigerit,
1799 2016 2316 2098 improbitatem
2350 2026 2651 2076 vestram

341 2104 539 2203 gravi
590 2125 925 2188 cogamur
961 2104 1568 2167 animadversione
1601 2105 1867 2185 punire.
1963 2102 2387 2166 Silentium
2372 2121 2656 2183 insuper

343 2192 411 2254 in
462 2193 634 2254 locis
681 2192 936 2254 debitis
971 2191 1320 2273 precipue,
1372 2191 1872 2271 introitumque
1918 2201 1986 2253 et
2032 2190 2296 2252 exitum
2344 2187 2650 2264 claustri,

343 2279 592 2341 melius
647 2279 874 2353 solit0,
927 2279 1115 2341 horis
1169 2278 1532 2360 presertim
1598 2278 1961 2359 suspectiS,
1997 2276 2418 2375 precipimus
2465 2295 2652 2337 com-

344 2366 644 2428 muniter
673 2368 922 2428 observ
925 2366 1049 2427 ari.
1145 2366 1430 2428 Secreta
1462 2365 1673 2427 etiam
1709 2364 2056 2445 colloquia
2090 2364 2269 2426 inter
2311 2363 2653 2425 moniales

343 2462 411 2515 et
474 2472 763 2526 sororeS,
830 2454 937 2514 vel
1000 2448 1244 2539 inte[r]
1309 2472 1383 2514 se
1445 2451 1765 2528 invicem,
1817 2462 1936 2514 aut
1997 2472 2154 2514 cum
2224 2450 2653 2513 secularibus

342 2540 658 2623 personis
719 2540 1217 2616 interdicimus,
1283 2539 1418 2602 nisi
1483 2539 1572 2602 sit
1648 2559 1857 2621 super
1932 2537 2342 2601 necessariis
2404 2539 2652 2601 domus

342 2628 448 2690 vel
483 2628 789 2700 ordinis;
848 2639 916 2690 et
969 2630 1100 2690 hoc
1152 2628 1438 2689 custode
1484 2637 1826 2707 presente,
1877 2647 1963 2689 ne
2017 2628 2103 2688 de
2136 2625 2652 2707 conspiratione

342 2711 450 2776 vel
489 2715 722 2795 aliquo
770 2677 1141 2777 inhonesto
1188 2714 1495 2795 suspicio
1540 2714 1821 2776 oriatur.
1917 2714 2027 2787 Et,
2062 2733 2219 2775 cum
2252 2712 2497 2775 deceat
2528 2733 2652 2774 vos

343 2801 663 2885 singulas
709 2821 849 2863 uno
901 2803 1047 2883 regi
1092 2800 1410 2875 consilio,
1462 2802 1862 2882 bonumque
1911 2801 2158 2863 domus
2207 2810 2457 2862 vestrae
2505 2809 2649 2862 tam

341 2888 523 2951 intra
554 2908 763 2969 quam
798 2898 997 2951 extra
1027 2888 1342 2950 debeatis
1396 2888 1467 2949 in
1500 2888 1826 2950 omnibus
1877 2885 2200 2950 affectare
2228 2910 2242 2958 ;
2294 2888 2364 2950 in
2397 2887 2652 2950 virtute

339 2975 790 3056 professionis
850 2986 1100 3038 vestrae
1172 2974 1372 3037 vobis
1444 2975 1878 3056 injungimus
1948 2976 2134 3055 quod
2195 2994 2280 3036 ea
2356 2995 2512 3056 quae
2579 2975 2650 3037 in

339 3061 825 3143 parliamentis
874 3063 982 3125 vel
1038 3061 1322 3125 secretis
1372 3061 1739 3142 colloquiis
1790 3061 2249 3142 proferuntur,
2301 3063 2391 3123 ad
2442 3082 2649 3144 quas-

339 3169 636 3230 cumque
666 3151 754 3211 de
786 3159 1133 3212 conventu
1166 3149 1693 3230 quomodolibet
1740 3149 2201 3230 pervenerint,
2252 3149 2651 3211 nullatenus

339 3238 759 3308 revelentur;
795 3235 959 3317 quia
984 3255 1484 3317 nonnunquam
1506 3255 1598 3298 ex
1621 3235 2014 3316 hujusmodi
2044 3232 2649 3322 [revelationibus]

339 3322 688 3406 religiosis
708 3322 1024 3407 provenit
1046 3323 1454 3385 scandalum
1475 3334 1544 3385 et
1549 3323 1823 3404 jactura
1839 3345 1854 3394 ;
1869 3332 1940 3384 et
1959 3322 2242 3405 insuper
2253 3323 2370 3404 qui
2386 3335 2653 3386 secreta

339 3411 698 3492 detegunt,
757 3409 1103 3473 credimus
1152 3408 1898 3472 excommunicationis
1948 3411 2363 3472 sententiam
2424 3411 2650 3474 incur-

339 3497 511 3560 risse
573 3497 726 3577 ipso
786 3496 988 3560 fact0.
1086 3497 1429 3573 Ceterum,
1480 3496 1646 3578 quia
1723 3515 1812 3558 ex
1887 3495 2158 3559 defectu
2219 3497 2647 3575 victualium,

339 3584 518 3646 sicut
588 3584 839 3647 dicitur
899 3585 1108 3666 wlgo,
1187 3583 1402 3646 oritur
1456 3604 1623 3664 sepe
1672 3584 2048 3659 contentio,
2113 3595 2202 3660 et,
2260 3584 2437 3647 sicut
2482 3586 2650 3649 dicit

337 3670 747 3753 ApostoluS‚
783 3691 921 3733 non
970 3671 1405 3752 alligandum
1439 3691 1517 3733 os
1559 3670 1760 3733 bovis
1795 3670 2079 3745 arantis,
2112 3672 2432 3734 volumus
2465 3674 2650 3752 quod

338 3768 720 3820 conventus
753 3759 839 3820 de
871 3768 1099 3820 cetero
1147 3758 1397 3820 melius
1428 3768 1861 3839 procuretur;
1912 3767 1978 3820 et
2026 3769 2102 3820 ut
2138 3759 2268 3820 hoc
2302 3758 2650 3839 quiescius

338 3856 406 3906 et
460 3845 822 3907 honestius
874 3843 1018 3922 fiat,
1074 3845 1395 3907 volumus
1457 3845 1643 3926 quod
1705 3844 2176 3926 quadraginta
2231 3866 2503 3920 marcae,
2560 3848 2649 3908 ad

339 3932 916 3995 sustentationem
974 3943 1354 3995 conventus
1409 3951 1532 4013 per
1584 3930 1890 4013 aliquem
1951 3930 2228 3995 fratrem
2294 3934 2380 3995 de
2442 3934 2650 3995 domo

338 4019 751 4081 industrium
785 4018 1300 4101 dispensandae,
1349 4019 1435 4080 de
1484 4018 1832 4081 communi
1885 4019 2177 4082 consilio
2209 4021 2648 4101 deputentur,

337 4125 697 4188 quousque
730 4106 978 4168 domus
1009 4126 1051 4168 a
1084 4105 1339 4168 debitis
1371 4105 1619 4167 melius
1651 4106 2011 4168 relevetur.
2105 4105 2258 4169 Hec
2290 4117 2523 4170 autem
2557 4109 2646 4170 ad

336 4213 625 4273 presens
677 4192 879 4255 vobis
936 4193 1276 4254 mittimus
1331 4193 1420 4254 ad
1474 4191 2033 4254 reformationem
2090 4194 2337 4256 domus
2395 4204 2645 4257 vestrae

337 4275 472 4366 [et]
506 4280 831 4362 quietem,
865 4299 1086 4362 eaque
1131 4278 1556 4359 precipimus
1602 4278 1879 4358 plenius
1917 4281 2292 4356 observari,
2328 4300 2648 4363 penaque

337 4367 690 4448 condigna
741 4366 929 4430 fuere
990 4367 1430 4439 curabimuS,'
1460 4367 1838 4427 secundum
1881 4366 2055 4447 juris
2101 4367 2422 4449 rigorem,
2474 4389 2650 4450 quas

335 4454 855 4516 contravenisse
886 4453 1323 4534 percepimus
1354 4453 1465 4514 vel
1498 4452 1711 4515 etiam
1743 4453 2123 4516 oberrasse.
2222 4453 2559 4517 Valeatis.

419 4539 764 4604 DCCLX.
871 4539 1033 4623 July
1111 4560 1169 4618 5,
1249 4540 1506 4601 second
1581 4558 1770 4622 year,
1852 4537 1870 4613 ζ
1887 4539 2092 4624 1268).
2196 4540 2646 4604 Wodestoke.
