3187 5105
471 531 620 579 THE
651 530 1029 580 REGISTER
1060 530 1155 581 OF
1184 529 1674 580 ARCHBISHOP
1703 528 2029 577 WALTER
2061 527 2412 577 GIFFARD.
2552 533 2621 593 15

303 689 1702 857 ffissffztfflffiffssffffl{niJs‘thzffinss
1706 710 1824 840 2¹1¹?
1830 688 2196 860 {gygesstg
2187 689 2436 857 §2¹23ssss
2439 689 2626 838 3231ss

302 866 711 947 homagium
761 866 1046 928 domino
1102 866 1310 928 Ebor.
1368 865 1920 946 archiepiscop0‚
1959 883 2085 945 pro
2139 873 2322 926 terra
2371 882 2499 926 sua
2552 863 2623 925 in

306 951 672 1027 Stiveton’,
722 950 1132 1030 Mikelfeld’,
1181 952 1455 1036 Lumby
1501 965 1572 1014 et
1636 949 2005 1025 Mileford',
2053 960 2123 1013 et
2177 949 2436 1032 juravit
2490 950 2623 1012 sibi

303 1039 734 1102 fidelitatem.

396 1125 762 1188 Comitatus
791 1124 1196 1209 Leycestriae.
1290 1126 1526 1188 Feoda
1560 1126 1744 1188 dom.
1774 1126 1983 1187 Ebor.
2014 1107 2517 1206 archiepiscopi
2552 1125 2621 1187 in

304 1215 544 1277 eodem
571 1233 745 1276 com.
781 1212 1008 1276 Heres
1041 1212 1329 1275 Radulfi
1352 1213 1636 1275 Trussel
1661 1210 1904 1296 (blank)
1930 1232 2058 1294 pro
2077 1210 2279 1274 feodo
2295 1212 2319 1293 j
2345 1210 2619 1282 militis;

305 1300 446 1383 (ubi
481 1301 841 1383 ingressus
866 1310 971 1362 est
1006 1302 1226 1363 abbas
1251 1302 1336 1363 de
1360 1300 1568 1361 Valle
1601 1300 1757 1373 Dei,
1784 1309 1852 1361 et
1885 1309 1989 1361 est
2022 1298 2509 1379 inquirendum
2536 1298 2622 1359 de

303 1390 511 1450 modo
558 1389 992 1470 ingressus).¹
1083 1387 1392 1449 Thomas
1440 1386 1740 1449 Palefrai
1789 1387 1857 1448 in
1906 1387 2150 1448 eodem
2199 1405 2373 1448 com.
2415 1385 2622 1448 debet

302 1476 725 1556 respondere
786 1494 912 1557 pro
974 1474 1139 1536 dim.
1188 1474 1390 1537 feodo
1452 1474 1660 1536 unius
1721 1472 1965 1536 militis
2027 1474 2098 1536 in
2155 1473 2374 1535 Eston
2418 1473 2622 1553 juxta

304 1560 633 1626 Graham.
725 1562 1083 1641 Johannes
1147 1562 1422 1624 Mansel
1485 1562 1694 1623 debet
1754 1562 2172 1641 respondere
2233 1579 2360 1641 pro
2419 1559 2622 1622 feodo

302 1649 509 1711 unius
573 1648 817 1711 militis
885 1648 979 1732 (in
1046 1648 1528 1731 Tyverington
1590 1645 1767 1709 alias
1829 1647 2267 1730 Tyrlington’
2330 1656 2398 1708 et
2460 1644 2621 1709 fecit

303 1736 710 1818 homagium
746 1735 908 1797 inde
940 1737 1224 1798 domino
1278 1735 1488 1797 Ebor.
1522 1734 1583 1815 J.
1621 1734 2148 1815 archiepiscopo
2203 1734 2270 1795 in
2326 1733 2489 1795 aula
2536 1733 2622 1796 de

303 1821 714 1896 Totenhale,
747 1823 1191 1905 presentibus
1238 1822 1549 1884 Ricardo
1597 1823 1683 1884 de
1733 1821 2074 1905 Ryvesby
2106 1831 2173 1883 et
2221 1821 2400 1893 aliis,
2436 1839 2622 1882 anno

303 1910 562 1990 graciae
596 1910 1056 1991 nonagesimo
1087 1908 1303 1972 tercio
1336 1930 1378 1971 a
1410 1908 1522 1971 die
1559 1908 1851 1970 Paschae
1898 1908 1968 1970 in
2019 1908 2088 1989 iij
2142 1908 2618 1991 septimanas).

301 1996 706 2059 VVillelmus
739 1996 940 2058 Baud
967 1997 1174 2059 debet
1207 1999 1627 2077 respondere
1649 2015 1777 2077 pro
1802 1996 2072 2057 duabus
2097 1995 2414 2077 partibus
2440 1993 2619 2057 feodi

302 2082 511 2146 unius
557 2083 801 2146 militis
866 2085 1016 2165 (pro
1079 2084 1496 2146 tenementis
1561 2083 1634 2144 in
1689 2082 2167 2166 Lobenham).²
2256 2081 2623 2144 Florencia

303 2171 512 2233 debet
544 2171 964 2252 respondere
1013 2189 1139 2252 pro
1190 2170 1395 2233 tertia
1442 2180 1643 2252 parte
1691 2167 1875 2231 feodi
1923 2169 2129 2231 unius
2179 2169 2421 2231 militis
2472 2167 2622 2252 (pro

304 2268 447 2320 ten.
476 2257 546 2319 in
575 2256 1029 2320 Lobenham?
1082 2256 1300 2340 Hugo
1327 2257 1569 2340 Pepyn
1598 2257 1804 2319 debet
1829 2259 2248 2338 respondere
2271 2276 2397 2337 pro
2423 2266 2624 2318 sexta

303 2355 506 2427 parte
549 2343 733 2407 feodi
781 2344 987 2406 unius
1035 2344 1295 2406 militis,
1405 2343 1809 2405 Willelmus
1871 2344 1959 2405 de
2021 2344 2094 2405 la
2157 2343 2364 2425 Haye
2418 2342 2624 2406 debet

303 2433 726 2512 respondere
757 2451 883 2513 pro
917 2441 1118 2494 sexta
1164 2441 1361 2512 parte
1392 2430 1575 2492 feodi
1622 2430 1828 2492 unius
1867 2430 2130 2492 militis,
2222 2429 2624 2493 Willelmus

304 2518 539 2582 dictus
565 2518 913 2582 Dominus
938 2519 1146 2581 debet
1167 2520 1588 2601 respondere
1612 2537 1739 2599 pro
1765 2528 1965 2581 sexta
1989 2527 2188 2600 parte
2211 2516 2392 2580 feodi
2419 2516 2624 2580 unius

306 2606 573 2668 militis.

393 2690 668 2754 Suwell'
739 2690 815 2755 in
885 2711 1036 2754 com.
1085 2690 1524 2776 Nott'nglzam.
1621 2691 1838 2775 Hugo
1884 2691 2070 2755 filius
2132 2692 2497 2773 Ranulphi
2551 2692 2623 2754 in

304 2779 675 2842 Museham
711 2783 917 2842 debet
950 2780 1370 2861 respondere
1402 2800 1528 2861 pro
1561 2779 1762 2842 feodo
1795 2780 2000 2841 unius
2026 2778 2288 2852 militis,
2313 2780 2463 2862 (pro
2488 2799 2623 2861 quo

302 2865 511 2930 feodo
543 2866 967 2943 Willelmu5‚
998 2865 1183 2929 filius
1223 2868 1407 2930 dom.
1443 2866 1786 2929 Willelmi
1833 2866 1918 2929 de
1966 2867 2141 2943 Ros,
2172 2865 2335 2928 fecit
2381 2867 2622 2928 homa-

304 2954 501 3036 gium
536 2954 723 3035 apud
757 2954 1051 3030 Beverl'‚
1079 2954 1192 3017 die
1224 2954 1306 3016 B.
1339 2952 1685 3033 Johannis
1707 2954 1776 3015 in
1809 2951 1986 3016 festo
2011 2953 2287 3016 Natalis
2313 2953 2623 3030 Domini,

304 3039 757 3122 pontificatus
829 3040 1172 3120 Johannis
1248 3041 1755 3123 archiepiscopi
1836 3060 2023 3103 anno
2098 3040 2332 3115 terci0,
2413 3039 2620 3124 1288).

304 3128 666 3191 Robertus
690 3129 776 3191 de
803 3127 1277 3211 Everingham
1306 3128 1374 3190 in
1404 3127 1799 3190 Letherton'
1824 3129 2030 3191 debet
2055 3129 2474 3209 respondere
2496 3147 2624 3208 pro

302 3213 512 3277 feodo
557 3215 763 3277 unius
810 3215 1074 3277 militis.
1167 3214 1401 3277 Adam
1449 3216 1535 3276 de
1580 3214 1783 3278 Bella
1814 3235 1998 3296 aqua
2044 3215 2116 3277 in
2163 3215 2620 3277 Normanton’

305 3303 518 3364 debet
563 3305 985 3383 respondere
1044 3321 1171 3384 pro
1230 3301 1431 3365 feodo
1478 3303 1686 3364 unius
1739 3301 2004 3376 militis,
2053 3312 2122 3364 et
2181 3321 2308 3383 pro
2353 3302 2626 3364 decima

304 3399 511 3472 parte
542 3389 748 3451 unius
781 3388 1043 3451 militis.
1114 3388 1473 3469 Johannes
1504 3390 1591 3451 de
1617 3389 1946 3471 Byrstall'
1983 3389 2054 3451 in
2088 3388 2394 3471 Bleseby
2418 3390 2625 3452 debet

303 3477 729 3557 respondere
761 3496 886 3557 pro
918 3477 1133 3539 tercia
1186 3488 1384 3559 parte
1436 3475 1620 3539 feodi
1675 3476 1882 3538 unius
1924 3476 2186 3538 militis,
2282 3473 2625 3554 (Summa,

305 3562 459 3625 ixli.
492 3562 676 3642 xiijs.
713 3562 912 3645 iiijd.)

403 3648 768 3711 Comttatus
793 3649 850 3710 l„
861 3649 1099 3713 z'ncoln.
1167 3649 1384 3732 Hugo
1406 3649 1593 3713 filius
1619 3650 1986 3733 Ranulphi
2012 3650 2083 3713 in
2109 3670 2283 3713 com.
2308 3650 2623 3714 Lincoln.

305 3737 520 3799 debet
552 3738 971 3817 respondere
1001 3758 1130 3820 pro
1161 3737 1365 3800 feodo
1397 3738 1603 3800 unius
1637 3738 1900 3800 militis,

395 3821 822 3887 Ext'lesham.
871 3825 1084 3888 Terra
1106 3826 1191 3887 de
1214 3823 1603 3908 Swethorp’
1619 3826 1995 3906 respondet
2019 3824 2089 3886 in
2111 3823 2625 3888 Thorkerinton

302 3930 434 3994 pro
468 3911 740 3974 decima
762 3923 962 3992 parte
987 3914 1193 3975 unius
1220 3912 1464 3975 militis
1488 3914 1575 3975 de
1601 3912 1989 3995 perquisitu
2012 3910 2311 3975 Walteri
2343 3913 2409 3974 le
2437 3911 2622 3988 sirei,

304 3996 471 4061 cum‘
501 3998 960 4062 advocatione
991 4000 1322 4062 ecelesiae.

393 4084 655 4167 Rypon.
750 4084 1001 4149 Comes
1054 4086 1512 4149 Albemarliae
1561 4086 1937 4168 respondet
1985 4105 2112 4168 pro
2165 4085 2366 4149 feodo
2419 4088 2627 4150 unius

306 4172 557 4236 militis
583 4172 653 4234 in
687 4172 871 4255 Nyd,
898 4173 1280 4256 Westwyk'
1309 4184 1377 4236 et
1409 4173 1732 4236 Neuton'.
1761 4172 2072 4236 Feodum
2097 4175 2283 4255 quod
2303 4173 2627 4257 Nigellus

302 4261 394 4322 de
426 4259 731 4343 Mobray
763 4260 987 4324 tenuit
1034 4262 1105 4324 in
1154 4261 1449 4324 Mulwat
1480 4269 1549 4323 et
1597 4260 2047 4343 Sleningiord
2081 4261 2456 4342 respondet
2500 4280 2627 4342 pro

372 4418 387 4442 ³
413 4408 664 4470 Passages
697 4407 746 4456 in
783 4408 1104 4473 parentheses
1136 4408 1264 4459 have
1296 4409 1424 4459 been
1588 4410 1612 4444 2
1634 4407 1855 4457 Misread
1894 4407 2184 4457 Levenham
2219 4407 2288 4472 by
2323 4407 2409 4458 the
2446 4410 2628 4460 Editor

301 4472 474 4523 added
519 4474 573 4522 in
608 4489 638 4522 a
671 4472 799 4522 later
841 4474 992 4533 hand,
1030 4473 1192 4524 either
1238 4475 1291 4524 in
1336 4473 1422 4524 the
1524 4474 1584 4523 os
1609 4473 1860 4538 Kirkby’s
1893 4473 2118 4537 Inquest.

301 4538 503 4602 margin
526 4553 585 4588 or
608 4538 892 4588 interlined.
