3187 5105
204 4452 281 4493 Fo.
300 4449 394 4490 62d.

542 527 660 597 146
750 535 900 583 THE
930 533 1307 583 REGISTER
1332 534 1427 583 OF
1457 532 1944 582 ARCHBISHOP
1973 532 2300 581 WALTER
2332 532 2684 581 GIFFARD.

532 705 639 757 est
669 715 793 776 per
824 693 1329 757 confessionem
1363 693 1612 775 prioris
1653 705 1721 756 et
1754 694 2105 774 quandam
2140 693 2574 774 scripturam,
2610 712 2844 775 quarn,

534 783 768 864 sigillo
791 802 915 844 suo
943 783 1315 863 signatam,
1340 782 1409 843 in
1431 780 1830 843 visitatione
1851 780 2137 843 tradidit
2157 780 2440 843 domino
2466 781 2846 862 archiepis-

532 889 731 951 cop0,
765 871 951 951 quod
986 870 1134 950 ipse
1177 868 1829 944 excommunicavit,
1873 868 2257 930 monitione
2310 887 2449 929 non
2499 870 2846 948 premissa

532 978 659 1019 nec
709 958 781 1019 in
837 956 1138 1037 scriptis,
1184 955 1431 1017 fratres
1481 954 1918 1017 Willelmum
1978 955 2148 1036 Hog
2196 965 2264 1017 et
2315 954 2693 1035 Hugonem
2756 957 2843 1017 de

534 1045 767 1117 Ebor.,
804 1054 1088 1125 propter
1120 1043 1304 1124 quod
1339 1062 1720 1123 suspensus
1753 1062 1794 1102 a
1827 1062 2093 1104 canone
2137 1062 2357 1123 usque
2398 1043 2487 1104 ad
2532 1062 2842 1103 mensem

532 1131 709 1193 infra
741 1131 1001 1192 dictum
1038 1149 1346 1191 mensem
1380 1129 1777 1191 celebravit.
1842 1129 2019 1191 Item
2054 1139 2481 1209 compertum
2518 1140 2623 1191 est
2655 1130 2840 1209 quod

529 1218 1025 1281 monasterium
1059 1218 1145 1279 de
1182 1217 1500 1278 Boulton'
1545 1217 1936 1299 obligatum
1970 1226 2075 1279 est
2121 1216 2334 1278 variis
2388 1216 2844 1279 creditoribus

529 1305 600 1367 in
656 1305 982 1367 trecentis
1015 1314 1082 1367 et
1116 1304 1366 1386 viginti
1418 1312 1715 1384 quatuor
1768 1303 1965 1365 libris
2006 1313 2074 1365 et
2116 1304 2422 1384 quinque
2477 1303 2720 1365 solidis
2774 1314 2843 1365 et

531 1404 796 1473 septem
874 1392 1221 1464 denariis;
1316 1408 1454 1452 non
1532 1399 1639 1452 est
1712 1400 1947 1452 tamen
2048 1391 2435 1472 predictum
2523 1389 2835 1452 debitum

527 1480 938 1555 usurarium,
1009 1499 1091 1540 eo
1153 1478 1337 1560 quod
1400 1497 1537 1540 non
1592 1479 1883 1539 debetur
1944 1477 2446 1539 mercatoribus
2518 1488 2623 1539 set
2677 1496 2841 1538 con—

524 1567 795 1643 viciniS,
818 1577 886 1628 et
916 1565 1140 1628 fuerat
1165 1576 1596 1628 contractum
1620 1584 1744 1646 per
1774 1566 2297 1645 predecessores
2328 1565 2534 1646 hujus
2567 1564 2836 1645 prioris,

526 1652 704 1715 Item
768 1664 1197 1734 compertum
1251 1661 1357 1714 est
1423 1653 1611 1733 quod
1665 1651 2047 1714 Nicholaus
2101 1652 2188 1713 de
2236 1651 2439 1727 Broc,
2496 1652 2835 1732 subprior,

528 1740 722 1802 senio
816 1738 1207 1803 confractus
1284 1749 1353 1800 et
1452 1738 1727 1815 debilis,
1813 1759 1950 1801 non
2029 1737 2282 1801 sufficit
2358 1739 2448 1800 ad
2524 1738 2834 1819 regimen

527 1827 1040 1908 spiritualitatis
1073 1825 1381 1903 interiuS‚
1403 1838 1688 1908 propter
1711 1827 1918 1906 quod,
1955 1845 2162 1907 super
2193 1828 2322 1887 hoc
2355 1826 2839 1908 interpellatus

527 1934 565 1975 a
617 1915 901 1976 domino
952 1913 1499 1995 archiepiscope,
1558 1926 1986 1994 spontaneus
2043 1915 2132 1974 ab
2188 1913 2311 1974 illa
2371 1912 2840 1975 sollicitudine

524 2002 888 2063 absolutus
942 2011 1089 2074 est;
1141 2011 1209 2063 et
1263 2010 1667 2082 preceptum
1725 2009 1831 2062 est
1878 2000 2090 2081 priori
2133 2010 2201 2062 et
2243 2001 2613 2063 conventui
2657 2000 2844 2081 quod

523 2088 737 2149 alium
781 2088 1063 2170 elegant
1105 2089 1455 2162 idoneum,
1500 2088 1618 2168 qui
1664 2088 1837 2149 sciat
1888 2101 1956 2150 et
1989 2087 2212 2169 possit
2254 2096 2322 2149 et
2355 2088 2526 2149 velit
2579 2086 2835 2149 dictam

524 2175 1063 2238 sollicitudinem
1097 2174 1544 2237 laudabiliter
1563 2174 1968 2256 adimplere.
2020 2174 2164 2249 Set,
2199 2174 2364 2255 quia
2397 2175 2464 2236 in
2502 2174 2841 2237 electione

523 2282 663 2324 non
711 2261 935 2324 fuerat
994 2271 1377 2324 conventus
1429 2261 1814 2339 uniformiS,
1878 2262 2203 2324 dominus
2265 2261 2833 2342 archiepiscopus

521 2349 738 2411 traxit
786 2369 908 2412 eos
958 2351 1047 2411 ad
1098 2349 1562 2425 concordiam,
1608 2359 1676 2412 et
1723 2349 2083 2432 elegerunt
2124 2347 2404 2410 fratrem
2453 2347 2839 2410 Radulfum

523 2436 610 2498 de
636 2435 856 2499 Eston
884 2436 954 2498 in
983 2456 1181 2498 suum
1207 2437 1672 2517 suppriorem3
1701 2436 1817 2516 qui
1841 2437 1931 2498 ab
1952 2435 2478 2517 archiepiscopo
2511 2436 2842 2497 canonice

522 2532 627 2586 est
683 2524 1051 2587 admissus,
1142 2523 1480 2600 Tandem,
1528 2542 1685 2585 cum
1761 2532 2172 2587 tractaretur
2246 2525 2333 2584 de
2410 2534 2597 2585 statu
2672 2522 2840 2586 dicti

521 2610 794 2692 prioriS,
838 2611 958 2694 qui
1013 2612 1379 2674 occasione
1430 2611 1791 2692 scripturae
1841 2631 2049 2693 quam
2105 2621 2505 2691 porrexerat
2555 2610 2840 2672 domino

524 2699 1066 2780 archiepiscopO,
1093 2709 1170 2760 ut
1196 2698 1672 2779 supradictum
1699 2708 1827 2774 est,
1855 2699 2221 2760 videbatur
2252 2697 2837 2779 irregularitatem

522 2788 978 2862 contraxisse,
1013 2786 1196 2848 idem
1239 2787 1428 2866 prior
1475 2784 1825 2847 fatebatur
1877 2785 2294 2866 quibusdam
2351 2785 2438 2845 de
2492 2794 2837 2847 conventu

520 2873 654 2935 hoc
687 2874 868 2935 idem
901 2871 1459 2949 testificantibu5‚
1512 2875 1698 2953 quod
1749 2871 1972 2934 dictos
2003 2872 2270 2948 fratreS,
2303 2872 2738 2934 VVillelmum
2774 2872 2839 2933 le

525 2959 695 3042 Hog
718 2971 787 3022 et
824 2960 1200 3042 Hugonem
1234 2960 1320 3022 de
1343 2960 1578 3034 Ebor.,
1608 2979 1742 3021 non
1773 2958 2523 3029 excommunicaverat,
2549 2970 2617 3020 et
2650 2960 2835 3039 quod

522 3048 1008 3110 continebatur
1041 3047 1110 3109 in
1146 3047 1489 3128 scriptura
1523 3049 1610 3109 de
1665 3045 2389 3109 excommunicatione
2422 3066 2660 3107 verum
2694 3066 2831 3108 non

519 3134 763 3209 fuerat,
819 3135 1142 3197 dominus
1194 3134 1760 3215 archiepiscopus
1806 3153 2060 3215 penam
2114 3133 2324 3213 priori
2381 3131 2835 3214 infligendam

521 3231 805 3303 propter
846 3222 1259 3302 scripturam
1314 3221 1743 3298 mendacem,
1795 3241 2004 3302 quam
2062 3220 2194 3282 sibi
2246 3221 2649 3294 tradiderat,
2704 3220 2836 3282 sibi

521 3308 922 3380 reservavit,
957 3327 1177 3389 usque
1209 3308 1298 3370 ad
1333 3328 1477 3370 suae
1508 3309 1892 3370 voluntatis
1923 3307 2440 3388 beneplacitum
2490 3327 2838 3388 exequen-

522 3399 706 3459 dam.
831 3395 1077 3458 Cetera
1150 3415 1314 3458 vero
1390 3395 1825 3476 corrigenda,
1901 3405 2106 3476 prout
2195 3394 2264 3456 in
2365 3394 2838 3474 superioribus

522 3484 933 3554 continetur,
969 3483 1272 3544 decrevit
1304 3502 1427 3564 per
1458 3483 1754 3563 priorem
1786 3481 2124 3544 facienda¹
2154 3506 2168 3555 ;
2221 3482 2352 3542 hoc
2396 3481 2615 3557 salv0,
2651 3483 2837 3563 quod

522 3573 579 3634 si
613 3570 781 3633 dicti
812 3568 1081 3643 fratreS,
1116 3569 1515 3631 Willelmus
1547 3570 1613 3631 le
1649 3569 1819 3651 Hog
1849 3579 1918 3632 et
1952 3569 2164 3652 Hugo
2196 3569 2283 3630 de
2339 3569 2573 3646 Ebor.,
2608 3589 2835 3632 mores

521 3679 684 3721 suos
745 3677 882 3738 quo
936 3659 1026 3718 ad
1078 3657 1545 3718 turbationem
1611 3656 2138 3738 tranquillitatis
2204 3666 2585 3717 conventus
2661 3657 2838 3719 citra

522 3745 796 3807 Pascha
828 3764 966 3805 non
1000 3743 1442 3815 correxerint,
1501 3764 1590 3805 ex
1644 3754 1808 3806 tunc
1841 3753 2127 3825 uterque
2177 3744 2287 3805 vel
2344 3762 2580 3804 eorum
2638 3743 2834 3820 alter,

520 3841 726 3914 prout
817 3830 1139 3893 dominus
1259 3830 1823 3911 archiepiscopus
1920 3830 2196 3892 duxerit
2297 3830 2834 3906 decernendum,

523 3921 838 3982 mittatur
856 3918 925 3979 in
949 3918 1159 3980 aliam
1183 3918 1459 3979 domum
1481 3916 1906 3998 religiosam,
1941 3930 2006 3978 et
2035 3916 2127 3978 ibi
2154 3927 2454 3979 moretur
2474 3937 2835 3999 quousque

522 4008 748 4070 dictus
802 4005 1123 4068 dominus
1173 4005 1461 4066 'duxerit
1532 4024 1689 4065 eum
1762 4004 1850 4066 ad
1913 4003 2294 4085 prioratum
2358 4004 2444 4066 de
2507 4004 2830 4067 Boulton'

524 4114 869 4157 revocare.
962 4091 1379 4154 Reservavit
1420 4090 1631 4153 etiam
1680 4091 1862 4153 idem
1896 4091 2219 4153 dominus
2253 4091 2384 4153 sibi
2418 4101 2835 4172 potestatem

526 4180 894 4244 ordinandi
927 4181 1013 4241 de
1056 4199 1169 4240 ere
1211 4178 1441 4241 alieno
1484 4199 1622 4259 quo
1655 4178 1916 4241 dictum
1973 4179 2471 4240 monasterium
2522 4188 2837 4260 tempore

526 4266 948 4332 visitationis
1007 4265 1229 4328 fuerat
1291 4265 1703 4346 obligatum,
1781 4265 1914 4327 nisi
1988 4266 2170 4327 ultra
2250 4265 2553 4328 Nathale
2631 4286 2838 4347 super

529 4354 888 4438 premissis
922 4354 1291 4416 salubriter
1320 4353 1814 4415 ordinaverint.

618 4440 1098 4505 DLXXVIII.
1193 4439 1469 4523 Swyne.
1584 4440 1795 4500 Anno
1858 4440 1947 4500 ab
2010 4439 2487 4501 incarnatione
2549 4439 2836 4503 Domini

1510 4560 1522 4582 ¹
1547 4550 1868 4597 Faciendum.
