3187 5105
530 578 680 627 THE
712 577 1088 628 REGISTER
1114 579 1209 628 OF
1236 577 1728 628 ARCHBISHOP
1759 577 2086 626 WALTER
2118 576 2468 626 GIFFARD.
2574 582 2642 624 12
2653 583 2686 640 3

436 738 629 801 DII.
679 759 710 801 2
747 758 909 802 non.
943 739 1145 814 Now,
1180 758 1367 801 anno
1400 758 1461 815 4,
1498 738 1699 819 (Nov.
1729 758 1791 815 4,
1826 736 2036 822 1²70)·
2086 736 2543 819 Notingham.
2591 735 2695 798 To

266 816 273 830 ’
378 825 496 887 the
519 823 753 887 bailiff
772 825 850 888 of
874 824 1196 889 Suwelle.
1290 825 1575 888 Deliver
1606 834 1680 888 to
1714 826 1832 887 the
1857 824 2047 906 prior
2069 822 2481 888 ofShelford
2506 823 2696 886 three

378 912 556 974 oaks
590 918 630 948 “
656 913 746 975 ad
779 912 1232 976 maeremium
1254 911 1291 935 ’¹
1328 913 1399 975 in
1433 931 1559 974 our
1590 911 1790 974 wood
1822 910 1902 974 of
1925 911 2348 974 Shirewode.

465 998 669 1062 DIII.
770 1018 801 1078 7
856 998 948 1061 id.
1000 1000 1202 1077 Now,
1237 1019 1423 1062 anno
1461 1018 1522 1076 4,
1565 997 1766 1081 (Nov.
1828 1018 1884 1078 7,
1942 996 2149 1080 1270).
2241 997 2697 1080 Notingham.

378 1084 524 1149 Suo
558 1085 867 1148 Ricardo
900 1087 987 1149 de
1034 1087 1318 1157 Button‚
1368 1087 1687 1161 salutem,
1723 1097 1850 1149 etc.
1917 1085 2170 1148 Libera
2201 1086 2287 1147 de
2318 1083 2701 1147 elemosina

381 1182 618 1235 nostra
644 1170 1007 1253 Stephano
1039 1175 1126 1235 de
1151 1173 1215 1235 N
1221 1192 1495 1256 orwyco
1518 1173 1583 1254 vj
1602 1173 1673 1235 li.
1709 1172 1753 1254 ij
1773 1193 1825 1234 S.
1862 1173 2012 1235 ixd.
2046 1172 2134 1234 de
2166 1170 2703 1253 superplusagio

381 1261 686 1341 compoti
719 1260 824 1321 sui
857 1262 944 1322 de
975 1281 1161 1323 anno
1194 1281 1332 1341 quo
1364 1260 1892 1322 elemosinarius
1927 1270 2161 1321 noster
2191 1259 2444 1322 extitit.
2525 1258 2703 1321 Item

381 1442 711 1498 nostram.
808 1432 985 1497 Item
1030 1433 1224 1497 fratri
1276 1433 1367 1497 H.
1418 1436 1504 1495 de
1551 1433 1922 1496 Mistreton
1955 1433 2078 1514 xiij
2097 1454 2150 1495 s.
2186 1433 2365 1514 iiijd.
2400 1434 2487 1495 de
2520 1432 2704 1494 dono

383 1529 639 1584 nostro,
719 1519 895 1582 Item
930 1520 1395 1584 barbitonsori
1429 1530 1670 1584 nostro
1703 1520 1746 1601 ij
1766 1541 1819 1585 5.
1853 1521 1941 1583 de
1971 1520 2157 1582 dono
2189 1529 2446 1583 nostro,
2527 1518 2704 1582 Item

380 1606 656 1669 cuidam
718 1608 971 1670 clerico
1032 1608 1118 1670 de
1183 1608 1456 1670 Hedon'
1522 1608 1612 1670 ad
1669 1627 1879 1670 unam
1945 1608 2252 1669 tunicam
2316 1607 2359 1687 ij
2378 1627 2426 1669 5.
2527 1605 2703 1668 Item

384 1693 805 1756 monialibus
865 1696 952 1757 de
1011 1694 1471 1757 Wilberfosse
1531 1715 1697 1756 xxS.
1761 1695 1847 1757 de
1909 1694 2094 1756 dono
2157 1704 2414 1757 nostro.
2527 1692 2705 1755 Item

384 1781 806 1843 monialibus
837 1783 924 1844 de
958 1782 1220 1843 Brunn'
1257 1801 1353 1843 xx
1368 1803 1421 1846 5.
1458 1781 1549 1844 de·
1576 1782 1761 1844 dono
1793 1790 2052 1844 nostro,
2133 1780 2309 1844 Item
2344 1780 2709 1842 Fratribus

385 1868 945 1931 Predicatoribus
980 1868 1186 1931 Ebor.
1215 1868 1327 1930 die
1353 1868 1763 1932 Nativitatis
1788 1868 1869 1931 B.
1902 1868 2147 1930 Mariae
2176 1867 2297 1949 xiij
2319 1888 2371 1931 5.
2408 1866 2503 1947 iiij
2522 1867 2587 1928 d.
2622 1866 2709 1928 de

385 1956 567 2017 dono
614 1964 872 2018 nostro.
967 1955 1143 2018 Item
1194 1955 1554 2019 Fratribus
1604 1955 1997 2018 Minoribus
2046 1955 2254 2017 Ebor.
2305 1955 2547 2017 eodem
2597 1953 2709 2015 die

387 2042 577 2123 xiijs.
644 2041 739 2123 iiij
760 2042 825 2105 d.
890 2043 974 2104 de
1038 2042 1222 2104 dono
1283 2053 1541 2105 nostro.
1659 2042 1835 2104 Item
1908 2041 2103 2104 fratri
2184 2040 2547 2104 Willelmo
2623 2042 2710 2102 de

388 2129 700 2191 Hothom
762 2131 950 2210 apud
1015 2130 1087 2191 S.
1154 2129 1559 2192 Oswaldum
1624 2129 1667 2210 ij
1688 2150 1740 2191 S.
1797 2130 1884 2192 de
1938 2130 2122 2191 dono
2178 2138 2436 2192 nostr0.
2531 2127 2709 2190 Item

386 2216 673 2277 inclusae
734 2217 820 2278 de
897 2215 1216 2278 Elaunde
1291 2217 1547 2279 ibidem
1614 2217 1682 2298 iij
1702 2237 1754 2279 s.
1871 2215 2049 2278 Item
2126 2215 2548 2277 monialibus
2625 2214 2711 2275 de

387 2301 769 2384 Kirkeleye
811 2303 1069 2365 ibidem
1130 2323 1241 2365 vs.
1337 2302 1515 2366 Item
1576 2303 2002 2365 monialibus
2064 2302 2150 2364 de
2210 2302 2710 2364 Thikheheved

388 2390 575 2470 apud
653 2389 951 2451 Cawode
1028 2390 1097 2471 iij
1117 2410 1169 2451 5.
1294 2389 1469 2452 Item
1550 2390 1912 2452 Fratribus
1989 2389 2549 2452 Predicatoribus
2625 2389 2712 2450 de

388 2476 795 2558 Donestapl’
835 2476 879 2559 ij
899 2497 951 2539 5.
987 2477 1072 2538 de
1104 2476 1289 2539 dono
1320 2487 1578 2555 nostr0‚
1612 2488 1682 2539 et
1713 2477 1841 2540 tibi
1874 2477 2306 2539 allocabitur.

477 2564 728 2626 Libera
776 2564 975 2626 nobis
1035 2564 1289 2627 dilecto
1342 2565 1402 2645 J.
1453 2566 1539 2627 de
1586 2564 1863 2628 Neville
1922 2564 2272 2646 cxxxiijli.
2330 2564 2394 2645 vj
2414 2585 2467 2625 s.
2533 2563 2648 2645 viij
2665 2563 2711 2625 d
2740 2580 2814 2619 1··0.
2836 2578 2915 2628 ‚wi

390 2671 515 2733 pro
615 2650 987 2733 maritagio
1079 2651 1317 2714 uxoris
1394 2672 1557 2715 suae.
1682 2651 1860 2715 Item
1947 2651 2303 2733 Reynerio
2407 2649 2712 2713 Abbatis

389 2738 623 2820 xiij.li.
699 2737 766 2819 vj
786 2758 839 2800 5.
917 2736 1033 2820 viij
1052 2739 1117 2800 d.
1181 2758 1308 2820 pro
1382 2738 1497 2800 W.
1576 2739 1664 2801 de
1741 2738 2039 2821 Lymar’.
2155 2737 2331 2801 Item
2409 2737 2713 2800 dominae

394 2824 491 2889 M.
527 2824 813 2887 Peverel
846 2824 1007 2906 cxiij
1027 2845 1080 2888 5.
1117 2825 1213 2907 iiij
1231 2826 1296 2887 d.
1332 2825 1420 2888 de
1452 2826 1749 2888 ecclesia
1778 2824 1906 2887 filii
1941 2826 2067 2888 sui.
2162 2824 2338 2886 Item
2374 2825 2714 2906 magistro

395 2911 650 2975 Sinitio
695 2911 766 2993 xj
784 2911 855 2973 li.
905 2931 1020 2974 xs.
1072 2913 1159 2974 de
1207 2912 1513 2975 denariis
1564 2912 1646 2974 B.
1701 2912 1887 2975 Petri
1939 2912 2026 2974 de
2077 2911 2260 2976 A.D.
2305 2910 2711 2974 MCCLX1X0.

395 2998 571 3061 Item
605 2995 880 3061 Simoni
913 2998 1000 3061 de
1033 2999 1275 3061 Insula
1305 2999 1524 3081 xxviij
1542 2999 1613 3061 li.
1650 2999 1786 3080 vjs.
1821 2999 1938 3080 viij
1956 3000 2022 3063 d.
2068 2999 2157 3060 ad
2204 2998 2715 3080 reparationem

394 3086 756 3147 domorum
810 3095 881 3147 et
939 3085 1082 3148 kaii
1145 3086 1363 3149 nostri
1427 3085 1959 3148 Londoniensis.
2083 3085 2259 3147 Item
2322 3083 2572 3147 Aliciae
2632 3087 2719 3148 de

397 3172 876 3234 Maundeville
907 3173 976 3254 xj
994 3173 1064 3234 li.
1098 3174 1214 3255 xvj
1234 3194 1286 3236 s.
1321 3175 1408 3236 de
1437 3171 1641 3235 firma
1672 3173 1759 3235 de
1785 3172 2093 3235 Eltham.
2153 3171 2330 3235 Item
2357 3170 2719 3253 Stephano

395 3260 482 3321 de
514 3258 849 3321 Munden'
884 3260 1050 3341 xxvj
1068 3259 1138 3321 li.
1174 3280 1269 3321 xv
1283 3281 1335 3322 5.
1370 3280 1498 3342 pro
1538 3260 1885 3341 jocalibus
1931 3258 2185 3341 emptis
2217 3269 2286 3321 et
2318 3258 2615 3340 receptis
2648 3259 2718 3322 in

395 3345 572 3408 festo
636 3345 913 3408 Natalis
976 3348 1161 3427 apud
1204 3346 1708 3410 Churchedon'.
1802 3346 1981 3408 Item
2033 3344 2150 3407 W.
2206 3347 2293 3408 de
2349 3343 2721 3409 Grenefeld

396 3433 441 3514 ij
459 3455 513 3497 s.
550 3432 640 3495 ad
672 3451 1021 3513 expensas
1040 3433 1127 3495 de
1149 3433 1532 3497 Londoniis
1562 3454 1806 3496 versus
1829 3432 2202 3497 Oxoniam.
2239 3432 2416 3495 Item
2437 3433 2721 3496 domino

400 3520 766 3597 EdwardO,
826 3518 972 3581 filio
1031 3521 1238 3602 regis,
1302 3520 1532 3602 lxvjli.
1597 3521 1718 3603 xiij
1737 3542 1791 3583 5.
1856 3520 2034 3602 iiijd.
2079 3520 2166 3582 de
2227 3520 2411 3582 dono
2462 3530 2719 3583 nostro.

402 3607 575 3669 Item
624 3606 740 3669 W.
800 3606 1009 3668 Dibel
1064 3627 1230 3668 xxs.
1289 3608 1376 3669 ad
1429 3608 1899 3670 maritandum
1953 3605 2172 3669 filiam
2230 3626 2449 3669 suam.
2543 3606 2721 3670 Item

403 3693 785 3776 Radulpho
833 3693 1084 3756 clerico
1132 3714 1258 3775 pro
1306 3695 1588 3758 servitio
1637 3715 1762 3757 suo
1808 3696 1895 3756 de
1939 3704 2252 3775 tempore
2294 3714 2433 3775 quo
2477 3695 2724 3757 habuit

399 3780 459 3860 J.
516 3781 603 3843 de
666 3780 967 3843 Walton'
1012 3781 1083 3843 in
1149 3781 1466 3844 custodia
1519 3781 1616 3862 iiij
1636 3782 1705 3846 li.
1800 3781 1977 3844 Item
2040 3781 2291 3843 nutrici
2352 3801 2722 3862 puerorum

402 3867 653 3930 Aliciae
699 3868 786 3929 de
818 3867 1297 3930 Maundeville
1343 3868 1529 3949 apud
1580 3868 1893 3951 Rading’
1928 3868 2002 3929 xl
2018 3889 2071 3930 s.
2106 3868 2193 3930 de
2238 3867 2423 3930 dono
2464 3878 2720 3932 nostro.

405 3954 580 4017 Item
626 3953 741 4016 W.
796 3955 1158 4035 panetario
1209 3966 1449 4024 nostro
1499 3955 1587 4017 ad
1638 3975 1987 4037 expensas
2036 3955 2123 4017 de
2174 3954 2438 4017 Bernes
2483 3975 2725 4018 versus

406 4041 755 4103 Evesham
807 4041 872 4123 vj
892 4061 945 4102 s.
978 4041 1095 4124 viij
1114 4042 1179 4103 d.
1235 4045 1322 4104 de
1364 4043 1549 4106 dono
1603 4052 1862 4105 nostr0.
1958 4042 2134 4106 Item
2186 4041 2370 4104 Luce
2416 4041 2503 4104 de
2551 4042 2722 4104 Luk'

404 4128 494 4210 vij
515 4127 586 4192 li.
636 4128 707 4209 iij
726 4149 779 4191 5.
828 4148 956 4209 pro
1004 4128 1260 4209 pannis
1310 4129 1547 4191 sericis
1598 4139 1667 4192 et
1717 4129 1988 4192 sindon'
2039 4128 2265 4210 captis
2312 4147 2440 4210 pro
2490 4129 2588 4192 M.
2641 4131 2728 4192 de

403 4215 718 4298 Assewy.
813 4214 991 4277 Item
1029 4215 1090 4295 J.
1127 4218 1213 4277 de
1243 4215 1561 4279 Weston'
1597 4217 1739 4278 xIS.
1774 4236 1900 4299 pro
1945 4236 2085 4278 una
2131 4235 2307 4278 zona
2353 4215 2573 4278 serica
2604 4237 2728 4299 per

405 4301 495 4364 A.
529 4303 616 4365 de
663 4301 1160 4366 Maundeville.
1256 4301 1433 4364 Item
1480 4302 1792 4366 Ricardo
1839 4304 1925 4365 de
1968 4300 2234 4365 Sancto
2263 4301 2524 4365 Waler'
2557 4323 2724 4367 xxs.

407 4389 492 4451 de
545 4391 731 4453 dono
780 4398 1036 4452 nostr0.
1131 4389 1307 4451 Item
1357 4389 1419 4468 J.
1468 4391 1555 4453 de
1606 4389 1902 4453 Boscell’
1952 4390 1996 4471 ij
2015 4409 2069 4451 5.
2103 4388 2192 4451 de
2237 4389 2421 4451 dono
2465 4401 2722 4453 nostr0.

408 4475 583 4539 Item
638 4475 979 4560 magistro
1023 4475 1110 4555 J.,
1160 4476 1348 4539 dicto
1402 4478 1467 4539 le
1521 4476 1872 4560 Romeyn,
1928 4474 2141 4557 xiijli.
2189 4475 2254 4557 vj
2273 4495 2326 4538 s.
2383 4475 2584 4558 viijd.
2642 4480 2728 4541 de

404 4561 637 4625 debito
678 4571 916 4625 nostro
976 4561 1372 4625 Parisiens’.
1466 4562 1644 4627 Item
1692 4561 1962 4625 clericis
2007 4560 2567 4625 ministrantibus
2614 4565 2727 4628 die
